

%
%  $Description: Bibliography of PARSEWeb workshop position paper$
%
%  $Author: Suresh Thummalapenta $
%  $Date: 2007/03/28 15:19:53 $
%  $Revision: 0.0 $
%


@BOOK{softwarefactory:mat,
 author = {Matsumoto, Y.},
 title = {A Software Factory: An Overall Approach to Software Production},
 publisher = {In P. Freeman ed., Software Reusability. IEEE CS Press},
 year = {1987},
 }

@ARTICLE{scs:goguen,
 author = {Goguen, J. and Nguyen, D. and Meseguer, J. and Luqi and Zhang, D. and Berzins, V.},
 title = "{S}oftware {C}omponent {S}earch",
 JOURNAL = {Journal of Systems Integration},
 pages = {93--134},
 VOLUME = {6},
 NUMBER = {1/2},
 MONTH = "march",
 year = {1996},
 }

@INPROCEEDINGS{sfreuse:ye,
 author = {Ye, Y. and Fischer, G.},
 title = {Supporting reuse by delivering taskrelevant and personalized information},
 booktitle = {Proc. of ICSE},
 year = {2002},
 pages = {513--523},
 }

@InProceedings{sager-msr06-clsim,
author = {Sager, T. and Bernstein, A. and Pinzger, M. and Kiefer, C.},
title = {Detecting Similar {J}ava Classes Using Tree Algorithms},
booktitle = {Proc. of MSR},
pages = {65--71},
year = {2006},
}


@INPROCEEDINGS{integrate:ye,
 author = {Ye, Y. and Fischer, G. and Reeves, B.},
 title = {Integrating active information delivery and reuse repository systems.},
 booktitle = {In International Symposium on Foundations of Software Engineering},
 year = {2000},
 pages = {60--68},
 }


@INPROCEEDINGS{signature:zaremski,
 author = {Zaremski, A.M. and Wing, J.M.},
 title = "{S}ignature {M}atching: a {T}ool for {U}sing {S}oftware {L}ibraries.",
 booktitle = {In ACM Transactions on Software Engineering and Methodology (TOSEM)},
 year = {1995},
 pages = {146--170},
 }

@INPROCEEDINGS{examples:renuka,
 author = {Sindhgatta, R.},
 title = "{U}sing an {I}nformation {R}etrieval {S}ystem to {R}etrieve {S}ource {C}ode {S}amples.",
 booktitle = {Proc. of the 28th International Conference on Software Engineering},
 year = {2006},
 }

@INPROCEEDINGS{xsnippet:saha,
 author = {Sahavechaphan, N. and Claypool, K.},
 title = "{X}{S}nippet: Mining For Sample Code",
 booktitle = {Proc. of OOPSLA},
 year = {2006},
 pages = {413--430},
 }

@INPROCEEDINGS{sourcerer:baj,
 author = {Bajracharya, S. and Ngo, T. and Linstead, E. and Dou, Y. and Rigor, P. and Baldi, P. and Lopes, C.},
 title = "{S}ourcerer: A Search Engine for Open Source Code Supporting Structure-Based Search",
 booktitle = {Proc. of OOPSLA Companion},
 year = {2006},
 }

@INPROCEEDINGS{document:leth,
 author = {Lethbridge, T.C. and Singer, J. and Forward, A.},
 title = "How software engineers use documentation: The state of the practice.",
 booktitle = {IEEE Software},
 year = {2003},
 pages = {35--39},
 }

@misc{GCSE,
  key = {GCSE},
  title = "Google {C}ode {S}earch {E}ngine",
  note = {\url{http://www.google.com/codesearch}},
  keywords = {code search engine},
  year = {2006},
}

@BOOK{java:eclipse,
 author = {Anjou, J.D. and Fairbrother, S. and Kehn, D. and Kellerman, J. and McCarthy, P.},
 title = "The {J}ava Developer's Guide to Eclipse",
 publisher = {Addison-Wesley Professional},
 year = {2004},
 }

@misc{JMFForum,
  key = {JMFForum},
  title = "Java {M}edia {F}ramework {D}eveloper {F}orum",
  note = {\url{http://forum.java.sun.com/thread.jspa?threadID=5152068&tstart=45}},
  keywords = {JMF},
  year = {2006},
}

@misc{BCELForum,
  key = {BCELForum},
  title = "{J}akarta {BCEL} user forum",
  note = {\url{http://mail-archives.apache.org/mod_mbox/jakarta-bcel-user/200609.mbox/thread}},
  keywords = {BCEL},
  year = {2001},
}


@misc{KODERS,
  key = {KODERS},
  title = "The {K}oders source code search engine",
  note = {\url{http://www.koders.com}},
  keywords = {code search engine},
  year = {2005},
}

@misc{KRUGLE,
  key = {KRUGLE},
  title = "The {K}rugle code search for developers",
  note = {\url{http://www.krugle.com}},
  keywords = {code search engine},
  year = {2006},
}

@misc{CODEASE,
  key = {CODEASE},
  title = "{C}odease",
  note = {\url{http://www.codase.com/}},
  keywords = {code search engine},
  year = {2005},
}

@misc{DOCJAR,
  key = {DOCJAR},
  title = "{D}oc{J}ar",
  note = {\url{http://www.docjar.com/}},
  keywords = {code search engine},
  year = {2005},
}

@misc{SPARSJ,
  key = {SPARSJ},
  title = "{SPARS-J}",
  note = {\url{http://demo.spars.info/}},
  keywords = {code search engine},
  year = {2005},
}

@misc{EclipseJDT,
  key = {EclipseJDT},
  title = "Java tool smithing extending the {E}clipse {J}ava {D}evelopment {T}ools",
  author = {Aeschlimann, M. and Baumer, D. and Lanneluc., J.},
  keywords = {Eclipse JDT},
  year = {2005},
}


@INPROCEEDINGS{prospector:jungloid,
 author = {Mandelin, D. and Xu, L. and Bodik, R. and Kimelman, D.},
 title = {Jungloid mining: helping to navigate the {API} jungle},
 booktitle = {Proc. of PLDI},
 year = {2005},
 pages = {48--61},
 }

@INPROCEEDINGS{strathcona:se,
 author = {Holmes, R. and Murphy, G.C.},
 title = {Using structural context to recommend source code examples},
 booktitle = {Proc. of ICSE},
 year = {2005},
 pages = {117--125},
 }

@INPROCEEDINGS{mapo:xie,
 author = {Xie, T. and Pei, J.},
 title = "M{A}{P}{O}: Mining {A}{P}{I} Usages from Open Source Repositories.",
 booktitle = {Proc. of MSR},
 year = {2006},
 pages = {54--57},
 }

@misc{Logic,
  key = {Logic},
  title = "{L}ogic {P}roject based on {E}clipse {G}{E}{F}",
  note = {\url{http://www.eclipse.org/downloads/download.php?file=/tools/gef/downloads/drops/R-3.2.1-&200609211617/GEF-examples-3.2.1.zip}},
  keywords = {OpenSource},
  year = {2006},
}

@misc{BEAForum,
  key = {BEAForum},
  title = "Dev2{D}ev {N}ewsgroups by developers, for developers",
  note = {\url{http://forums.bea.com/bea/message.jspa?messageID=202265042&tstart=0}},
  keywords = {Forum},
  year = {2006},
}

@misc{Jung,
  key = {Jung},
  title = "JUNG — the {J}ava {U}niversal {N}etwork/{G}raph {F}ramework",
  note = {\url{http://jung.sourceforge.net/}},
  keywords = {Jung},
  year = {2005},
}

@ARTICLE{bowman:reasoning,
    AUTHOR = "Mic Bowman and Saumya K. Debray and Larry L. Peterson",
    TITLE = "Reasoning About Naming Systems",
    JOURNAL = "ACM Trans. Program. Lang. Syst.",
    VOLUME = {15},
    NUMBER = {5},
    PAGES = {795-825},
    MONTH = "November",
    YEAR = {1993}   }

@ARTICLE{braams:babel,
    AUTHOR = "Johannes Braams",
    TITLE = "Babel, a Multilingual Style-Option System for Use with LaTeX's Standard Document Styles",
    JOURNAL = {TUGboat},
    VOLUME = {12},
    NUMBER = {2},
    PAGES = {291-301},
    MONTH = "June",
    YEAR = {1991}   }

@INPROCEEDINGS{clark:pct,
    AUTHOR = "Malcolm Clark",
    TITLE = "Post Congress Tristesse",
    BOOKTITLE = "TeX90 Conference Proceedings",
    PAGES = "84-89",
    ORGANIZATION = "TeX Users Group",
    MONTH = "March",
    YEAR = {1991}   }

@ARTICLE{herlihy:methodology,
    AUTHOR = "Maurice Herlihy",
    TITLE = "A Methodology for Implementing Highly Concurrent
    Data Objects",
    JOURNAL = {ACM Trans. Program. Lang. Syst.},
    VOLUME = {15},
    NUMBER = {5},
    PAGES = {745-770},
    MONTH = "November",
    YEAR = {1993}   }

@BOOK{Lamport:LaTeX,
    AUTHOR = "Leslie Lamport",
    TITLE = "LaTeX User's Guide and Document Reference Manual",
    PUBLISHER = "Addison-Wesley Publishing Company",
    ADDRESS = "Reading, Massachusetts",
    YEAR = "1986"   }

@BOOK{salas:calculus,
    AUTHOR = "S.L. Salas and Einar Hille",
    TITLE = "Calculus: One and Several Variable",
    PUBLISHER = "John Wiley and Sons",
    ADDRESS = "New York",
    YEAR = "1978"   }
