
@TECHREPORT{Acree:79,
    AUTHOR = "A. T. Acree and T. A. Budd and R. A. DeMillo and R. J. Lipton and F. G. Sayward",
    TITLE = "Mutation analysis",
    INSTITUTION="School of Information and Computer Science, Georgia Institute of Technology",
    MONTH = "September",
    YEAR = {1979}
}


@TECHREPORT{Agrawal:06,
    AUTHOR = "H. Agrawal and R. A. DeMillo and B. Hathaway and W. Hsu and W. Hsu and E. W. Krauser and R. J. Martin and A. P. Mathur and E. Spafford",
    TITLE = "Design of mutant operators for the C programming language",
    INSTITUTION="Department of Computer Science, Purdue University",
    MONTH = "April",
    YEAR = {2006}
}

@INPROCEEDINGS{Andrews:05,
    AUTHOR = "J. H. Andrews and L. C. Briand and Y. Labiche",
    TITLE = "Is mutation an appropriate tool for testing experiments?",
    BOOKTITLE = "Proc. International Conference on Software Engineering",
    PAGES = "402-411",
    MONTH = "May",
    YEAR = {2005}
}

@ARTICLE{Barbosa:01,
    AUTHOR = "E. F. Barbosa and J. C. Maldonado and A. M. R. Vincenzi",
    TITLE = "Toward the determination of sufficient mutant operators for {C}",
    JOURNAL = "Software Testing, Verification and Reliability",
    VOLUME = {11},
    NUMBER = {2},
    PAGES = {113-136},
    MONTH = "June",
    YEAR = {2001}
}

@INPROCEEDINGS{Briand:04,
  author = "L. C. Briand and Y. Labiche and Y. Wang",
  title = {Using simulation to empirically investigate test coverage criteria based on statechart},
  booktitle = {Proc. International Conference on Software Engineering},
  year = {2004},
  month = "May",
  pages = {86-95}
}

@INPROCEEDINGS{Briand:06,
  author = "L. C. Briand and Y. Labiche and M. M. S\'{o}wka",
  title = {Automated, contract-based user testing of commercial-off-the-shelf components},
  booktitle = {Proc. International Conference on Software Engineering},
  year = {2006},
  month = "May",
  pages = {92-101}
}

@INPROCEEDINGS{Budd:80b,
    AUTHOR = "T. A. Budd and R. A. DeMillo and R. J. Lipton and F. G. Sayward",
    TITLE = "Theoretical and empirical studies on using program mutation to test the functional correctness of programs",
    BOOKTITLE = "Proc. ACM Symposium on Principles of Programming Languages",
    PAGES = "220-233",
    YEAR = {1980}
}

@INPROCEEDINGS{Delamaro:96,
    AUTHOR = "M. E. Delamaro and J. C. Maldonado",
    TITLE = "Proteum - A tool for the assessment of test adequacy for {C} programs",
    BOOKTITLE = "Proc. Conference on Performability in Computing Systems",
    PAGES = "79-95",
    MONTH = "July",
    YEAR = {1996}
}

@ARTICLE{Delamaro:01,
    AUTHOR = "Delamaro, M. E. and  Maidonado, J. C. and  Mathur, A. P.",
    TITLE = "Interface Mutation: An approach for integration testing",
    JOURNAL = "IEEE Transactions on Software Engineering",
    VOLUME = {27},
    NUMBER = {3},
    PAGES = {228-247},
    MONTH = "March",
    YEAR = {2001}
}



@ARTICLE{DeMillo:78,
    AUTHOR = "R. A. DeMillo and R. J. Lipton and F. G. Sayward",
    TITLE = "Hints on test data selection: Help for the practicing programmer",
    JOURNAL = "Computer",
    VOLUME = {11},
    NUMBER = {4},
    PAGES = {34-41},
    MONTH = "April",
    YEAR = {1978}
}

@TECHREPORT{DeMillo:87,
    AUTHOR = "DeMillo, R. A. and Martin, R. J.",
    TITLE = "The Mothra Software Testing Environment User¡¯s Manual",
    INSTITUTION="Software Engineering Research Center",
    YEAR = {1987}
}


@INPROCEEDINGS{DeMillo:91,
    AUTHOR = "R. A. DeMillo and E. W. Krauser and A. P. Mathur",
    TITLE = "Compiler-integrated program mutation",
    BOOKTITLE = "Proc. International Computer Software and Applications Conference",
    PAGES = "351-356",
    MONTH = "September",
    YEAR = {1991}
}

@ARTICLE{DeMillo:91b,
    AUTHOR = "R. A. DeMillo and A. J. Offutt",
    TITLE = "Constraint-based automatic test data generation",
    JOURNAL = "IEEE Transactions on Software Engineering",
    VOLUME = {17},
    NUMBER = {9},
    PAGES = {900-910},
    MONTH = "September",
    YEAR = {1991}
}


@ARTICLE{Dixon:46,
    AUTHOR = "W. J. Dixon and A. M. Mood",
    TITLE = "The Statistical Sign Test",
    JOURNAL = "Journal of the American Statistical Association",
    VOLUME = {41},
    NUMBER = {236},
    PAGES = {557-566},
    MONTH = "December",
    YEAR = {1946}
}

@ARTICLE{Do:06,
    AUTHOR = "H. Do and G. Rothermel",
    TITLE = "On the use of mutation faults in empirical assessments of test case prioritization techniques",
    JOURNAL = "IEEE Transactions on Software Engineering",
    VOLUME = {32},
    NUMBER = {9},
    PAGES = {733-752},
    MONTH = "September",
    YEAR = {2006}
}

@ARTICLE{Goodenough:75,
    AUTHOR = "J. B. Goodenough and S. L. Gerhart",
    TITLE = "Toward a Theory of Test Data Selection",
    JOURNAL = "IEEE Transactions on Software Engineering",
    VOLUME = {1},
    NUMBER = {2},
    PAGES = {156-173},
    MONTH = "February",
    YEAR = {1975}
}


@ARTICLE{Hamlet:77,
    AUTHOR = "R. G. Hamlet",
    TITLE = "Testing programs with the aid of a compiler",
    JOURNAL = "IEEE Transactions on Software Engineering",
    VOLUME = {3},
    NUMBER = {4},
    PAGES = {279-290},
    MONTH = "April",
    YEAR = {1977}
}

@ARTICLE{Howden:82,
    AUTHOR = "W. E. Howden",
    TITLE = "Weak mutation testing and completeness of test sets",
    JOURNAL = "IEEE Transactions on Software Engineering",
    VOLUME = {8},
    NUMBER = {4},
    PAGES = {371-379},
    MONTH = "April",
    YEAR = {1982}
}


@INPROCEEDINGS{Hutchins:94,
    AUTHOR = "M. Hutchins and H. Foster and T. Goradia and T. Ostrand",
    TITLE = "Experiments of the effectiveness of dataflow- and controlflow-based test adequacy criteria",
    BOOKTITLE = "Proc. International Conference on Software Engineering",
    PAGES = "191-200",
    MONTH = "May",
    YEAR = {1994}
}

@INPROCEEDINGS{Jones:05,
    AUTHOR = "Jones, J. A. and Harrold, M. J.",
    TITLE = "Empirical evaluation of the tarantula automatic fault-localization technique",
    BOOKTITLE = "Proc. International Conference on Automated Software Engineering",
    PAGES = "273-282",
    YEAR = {2005}
}

@INPROCEEDINGS{Krauser:88,
    AUTHOR = "E. W. Krauser and A. P. Mathur and V. Rego",
    TITLE = "High performance testing on {SIMD} machines",
    BOOKTITLE = "Proc. Second Workshop on Software Testing, Verification, and Analysis",
    PAGES = "171-177",
    YEAR = {1988}
}


@article{Li:07,
    author = {Z. Li and M. Harman and R. Hierons},
    title = {Search Algorithms for Regression Test Case Prioritisation},
    journal = {IEEE Transactions on Software Engineering},
    volume = {33},
    number = {4},
    pages = {225-237},
    year = {2007}
}

@INPROCEEDINGS{Liu:06,
  author = "Ming-Hao Liu and You-Feng Gao and Jin-Hui Shan and Jiang-Hong Liu and Lu Zhang and Jia-Su Sun",
  title = {An Approach to Test Data Generation for Killing Multiple Mutants},
  booktitle = {Proc. International Conference on Software Maintenance},
  year = {2006},
  pages = {113-122}
}


@article{Ma:05,
    author = {Y.-S. Ma and J. Offutt and Y. R. Kwon},
    title = {Mu{J}ava : An automated class mutation system},
    journal = {Software Testing, Verification and Reliability},
    volume = {15},
    number = {2},
    pages = {97-133},
    year = {2005}
}

@INPROCEEDINGS{Mathur:91,
  author = "A. P. Mathur",
  title = {Performance, effectiveness, and reliability issues in software testing},
  booktitle = {Proc. International Computer Software and Applications Conference},
  year = {1991},
  pages = {604-605}
}


@INPROCEEDINGS{Mayer:06,
  author = "J. Mayer and C. Schneckenburger",
  title = {An empirical analysis and comparison of random testing techniques},
  booktitle = {Proc. International Symposium on Empirical Software Engineering},
  year = {2006},
  pages = {105-114}
}

@ARTICLE{Mresa:99,
    AUTHOR = "E.S. Mresa and L. Bottaci",
    TITLE = " Efficiency of mutation operators and selective mutation strategies: An empirical study",
    JOURNAL = "Software Testing, Verification and Reliability",
    VOLUME = {9},
    NUMBER = {4},
    PAGES = {205-232},
    MONTH = "December",
    YEAR = {1999}
}


@INPROCEEDINGS{Offutt:92,
  author = "A. J. Offutt and R. P. Pargas and S. V. Fichter and P. K. Khambekar",
  title = {Mutation Testing of Software Using {MIMD} Computer},
  booktitle = {Proc. International Conference on Parallel Processing},
  year = {1992},
  month = "August",
  pages = {257-266}
}

@ARTICLE{Offutt:94,
  author = "A. J. Offutt and W. M. Craft",
  title = {Using compiler optimization techniques to detect equivalent mutants},
  JOURNAL = {Software Testing, Verification and Reliability},
  VOLUME = {4},
  NUMBER = {3},
  PAGES = {131-154},
  YEAR = {1994}
}

@ARTICLE{Offutt:96,
    AUTHOR = "A. J. Offutt and A. Lee and G. Rothermel and R. H. Untch and C. Zapf",
    TITLE = "An Experimental Determination of Sufficient Mutation Operators",
    JOURNAL = "ACM Transactions on Software Engineering and Methodology",
    VOLUME = {5},
    NUMBER = {2},
    PAGES = {99-118},
    MONTH = "November",
    YEAR = {1996}
}

@ARTICLE{Offutt:97,
    AUTHOR = "A. J. Offutt and J. Pan",
    TITLE = "Automatically detecting equivalent mutants and infeasible paths",
    JOURNAL = "Software Testing, Verification and Reliability",
    VOLUME = {7},
    NUMBER = {3},
    PAGES = {165-192},
    YEAR = {1997}
}

@ARTICLE{Offutt:99,
    AUTHOR = "A. J. Offutt and Z. Jin and J. Pan",
    TITLE = "The dynamic domain reduction approach to test data generation",
    JOURNAL = "Software Practice and Experience",
    VOLUME = {29},
    NUMBER = {2},
    PAGES = {167-193},
    YEAR = {1999}
}


@INPROCEEDINGS{Rothermel:98,
    AUTHOR = "G. Rothermel and M. J. Harrold and J. Ostrin and C. Hong",
    TITLE = "An empirical study of the effects of minimization on the fault detection capabilities of test suites",
    BOOKTITLE = "Proc. International Conference on Software Maintenance",
    PAGES = "34-43",
    MONTH = "November",
    YEAR = {1998}
}

@INPROCEEDINGS{Rothermel:99,
  author = {G. Rothermel and R. H. Untch and C. Chu and M. J. Harrold},
  title = {Test case prioritization: an empirical study},
  booktitle = {Proc. International Conference on Software Maintenance},
  year = {1999},
  pages = {179-188}
}


@INPROCEEDINGS{SiamiNamin:08,
    AUTHOR = "Siami Namin, A. and J. H. Andrews and D. J. Murdoch",
    TITLE = "Sufficient Mutation Operators for Measuring Test Effectiveness",
    BOOKTITLE = "Proc. International Conference on Software Engineering",
    PAGES = "351-360",
    MONTH = "May",
    YEAR = {2008}
}

@ARTICLE{Tuya:07,
    AUTHOR = "J. Tuya and M. J. Su\'{a}rez-Cabal and de la Riva, C.",
    TITLE = "Mutating database queries",
    JOURNAL = "Information and Software Technology",
    VOLUME = {49},
    NUMBER = {4},
    PAGES = {398-417},
    YEAR = {2007}
}

@INPROCEEDINGS{Untch:93,
    AUTHOR = "R. Untch and A. J. Offutt and M. J. Harrold",
    TITLE = "Mutation analysis using program schemata",
    BOOKTITLE = "Proc. International Symposium on Software Testing and Analysis",
    PAGES = "139-148",
    MONTH = "June",
    YEAR = {1993}
}


@phdthesis{Wong:93,
    Author = {W. E. Wong},
    Title = {On Mutation and Data Flow},
    School = {Purdue University},
    Month = {December},
    Year = {1993}
}

@ARTICLE{Wong:95,
    AUTHOR = "W. E. Wong and A. P. Mathur",
    TITLE = "Reducing the cost of mutation testing: An empirical study",
    JOURNAL = "The Journal of Systems and Software",
    VOLUME = {31},
    NUMBER = {3},
    PAGES = {185-196},
    YEAR = {1995}
}

@INPROCEEDINGS{Woodward:88,
    AUTHOR = "M. R. Woodward and K. Halewood",
    TITLE = "From weak to strong, dead or alive? {A}n analysis of some mutation testing issues",
    BOOKTITLE = "Proc. Second Workshop on Software Testing, Verification, and Analysis",
    PAGES = "152-158",
    MONTH = "July",
    YEAR = {1988}
}


@INPROCEEDINGS{Yu:08,
    AUTHOR = "Yanbing Yu and James A. Jones and Mary Jean Harrold",
    TITLE = "An Empirical Study of the Effects of Test-Suite Reduction on Fault Localization",
    BOOKTITLE = "Proc. International Conference on Software Engineering",
    PAGES = "201-210",
    MONTH = "May",
    YEAR = {2008}
}


@ARTICLE{Zhu:96,
    AUTHOR = "H. Zhu",
    TITLE = "A FORMAL ANALYSIS OF THE SUBSUME RELATION BETWEEN SOFTWARE TEST ADEQUACY CRITERIA",
    JOURNAL = "IEEE Transactions on Software Engineering",
    VOLUME = {22},
    NUMBER = {4},
    PAGES = {248-255},
    MONTH = "April",
    YEAR = {1996}
}
