@inproceedings{Wassermann08,
  author    = {Gary Wassermann and
               Dachuan Yu and
               Ajay Chander and
               Dinakar Dhurjati and
               Hiroshi Inamura and
               Zhendong Su},
  title     = {Dynamic test input generation for web applications},
  booktitle = {ISSTA},
  year      = {2008},
  pages     = {249-260},
  ee        = {http://doi.acm.org/10.1145/1390630.1390661},
  crossref  = {DBLP:conf/issta/2008},
  bibsource = {DBLP, http://dblp.uni-trier.de}
}

@article{Normal,
	title = {www.math.unb.ca/~knight/utility/{NormTble}.htm}
} 

@inproceedings{Yang06,
  author    = {Jinlin Yang and
               David Evans and
               Deepali Bhardwaj and
               Thirumalesh Bhat and
               Manuvir Das},
  title     = {Perracotta: mining temporal API rules from imperfect traces},
  booktitle = {ICSE},
  year      = {2006},
  pages     = {282-291},
  ee        = {http://doi.acm.org/10.1145/1134325},
  crossref  = {DBLP:conf/icse/2006},
  bibsource = {DBLP, http://dblp.uni-trier.de}
}

@inproceedings{Hsu09,
  author    = {Hwa-You Hsu and
               Alessandro Orso},
  title     = {MINTS: A general framework and tool for supporting test-suite
               minimization},
  booktitle = {ICSE},
  year      = {2009},
  pages     = {419-429},
  ee        = {http://dx.doi.org/10.1109/ICSE.2009.5070541},
  crossref  = {DBLP:conf/icse/2009},
  bibsource = {DBLP, http://dblp.uni-trier.de}
}

@inproceedings{Harder03,
  author    = {Michael Harder and
               Jeff Mellen and
               Michael D. Ernst},
  title     = {Improving Test Suites via Operational Abstraction},
  booktitle = {ICSE},
  year      = {2003},
  pages     = {60-73},
  ee        = {http://computer.org/proceedings/icse/1877/18770060abs.htm},
  crossref  = {DBLP:conf/icse/2003},
  bibsource = {DBLP, http://dblp.uni-trier.de}
}

@inproceedings{Leon05,
  author    = {David Leon and
               Wes Masri and
               Andy Podgurski},
  title     = {An empirical evaluation of test case filtering techniques
               based on exercising complex information flows},
  booktitle = {ICSE},
  year      = {2005},
  pages     = {412-421},
  ee        = {http://doi.acm.org/10.1145/1062455.1062531},
  crossref  = {DBLP:conf/icse/2005},
  bibsource = {DBLP, http://dblp.uni-trier.de}
}

@article{Frankl88,
  author    = {Phyllis G. Frankl and
               Elaine J. Weyuker},
  title     = {An Applicable Family of Data Flow Testing Criteria},
  journal   = {IEEE Trans. Software Eng.},
  volume    = {14},
  number    = {10},
  year      = {1988},
  pages     = {1483-1498},
  ee        = {http://www.computer.org/tse/ts1988/e1483abs.htm},
  bibsource = {DBLP, http://dblp.uni-trier.de}
}

@article{Huang75,
  author    = {J. C. Huang},
  title     = {An approach to program testing},
  journal   = {ACM Comput. Surv.},
  volume    = {7},
  number    = {3},
  year      = {1975},
  pages     = {113-128},
}

@article{Elbaum02,
  author    = {Sebastian G. Elbaum and
               Alexey G. Malishevsky and
               Gregg Rothermel},
  title     = {Test Case Prioritization: A Family of Empirical Studies},
  journal   = {IEEE Trans. Software Eng.},
  volume    = {28},
  number    = {2},
  year      = {2002},
  pages     = {159-182},
  ee        = {http://www.computer.org:80/tse/ts2002/e0159abs.htm},
  bibsource = {DBLP, http://dblp.uni-trier.de}
}

@inproceedings{Dallmeier05,
  author    = {Valentin Dallmeier and
               Christian Lindig and
               Andreas Zeller},
  title     = {Lightweight Defect Localization for Java},
  booktitle = {ECOOP},
  year      = {2005},
  pages     = {528-550},
  ee        = {http://dx.doi.org/10.1007/11531142_23},
  crossref  = {DBLP:conf/ecoop/2005},
  bibsource = {DBLP, http://dblp.uni-trier.de}
}

@BOOK{Duda01,
	AUTHOR = "Richard O. Duda, Peter E. Hart, and David G. Stork",
	TITLE = "Pattern Classification",
	PUBLISHER = "John Wiley \& Sons, Inc.",	
	YEAR = "2001"	}
	
@Manual{Chang01,
  author =	 {Chih-Chung Chang and Chih-Jen Lin},
  title =	 {{LIBSVM}: a library for support vector machines},
  year =	 {2001},
  note =	 {Software available at \url{http://www.csie.ntu.edu.tw/~cjlin/libsvm}}
}

@Book{Vapnik99,
  author = "Vapnik, V.",
 title = "The Nature of Statistical Learning Theory",
  publisher = "Springer",
  address = "New York",
  edition = "2nd",
  year = 1999,
}

@inproceedings{bishop94,
  author = "C. Bishop",
  title = "Novelty detection and neural network validation",
  booktitle = "IEE Proceedings on Vision, Image and Signal processing, Special issue on applications of neural networks",
  pages = "141(4):217--222",
  year = "1994",
  url = "citeseer.ist.psu.edu/bishop94novelty.html" }
  
@article{Manevitz01,
  author    = {Larry M. Manevitz and
               Malik Yousef},
  title     = {One-Class SVMs for Document Classification},
  journal   = {Journal of Machine Learning Research},
  volume    = {2},
  year      = {2001},
  pages     = {139-154},
  ee        = {http://www.jmlr.org/papers/v2/manevitz01a.html},
  bibsource = {DBLP, http://dblp.uni-trier.de}
}

@article{Scholkopf01,
  author = {Bernhard Sch{\"o}lkopf and
  John C. Platt and
  John Shawe-Taylor and
  Alex J. Smola and
  Robert C. Williamson},
  title = {Estimating the Support of a High-Dimensional Distribution},
  journal = {Neural Computation},
  volume = {13},
  number = {7},
  year = {2001},
  pages = {1443-1471},
  bibsource = {DBLP, http://dblp.uni-trier.de}
}

@inproceedings{Liu05,
  author    = {Chao Liu and
               Xifeng Yan and
               Long Fei and
               Jiawei Han and
               Samuel P. Midkiff},
  title     = {SOBER: statistical model-based bug localization},
  booktitle = {ESEC/SIGSOFT FSE},
  year      = {2005},
  pages     = {286-295},
  ee        = {http://doi.acm.org/10.1145/1081706.1081753},
  crossref  = {DBLP:conf/sigsoft/2005},
  bibsource = {DBLP, http://dblp.uni-trier.de}
}

@BOOK{Han06,
	AUTHOR = "J. Han and M. Kamber",
	TITLE = "Data Mining: Concepts and Techniques, 2nd ed",
	PUBLISHER = "Morgan Kaufmann Publishers",	
	YEAR = "2006"	}

@inproceedings{Zheng09,
  author    = {Wujie Zheng and
               Michael R. Lyu and
               Tao Xie},
  title     = {Test selection for result inspection via mining predicate
               rules},
  booktitle = {ICSE Companion},
  year      = {2009},
  pages     = {219-222},
  ee        = {http://dx.doi.org/10.1109/ICSE-COMPANION.2009.5070986},
  crossref  = {DBLP:conf/icse/2009c},
  bibsource = {DBLP, http://dblp.uni-trier.de}
}

@BOOK{Myers79,
	AUTHOR = "G. J. Myers",
	TITLE = "Art of Software Testing",
	PUBLISHER = "John Wiley \& Sons, Inc.",	
	YEAR = "1979"	}

@BOOK{Mitchell97,
	AUTHOR = "Tom Mitchell",
	TITLE = "Machine Learning",
	PUBLISHER = "McGraw Hill",	
	YEAR = "1997"	}
	
@inproceedings{Sankaranarayanan08,
  author    = {Sriram Sankaranarayanan and
               Swarat Chaudhuri and
               Franjo Ivancic and
               Aarti Gupta},
  title     = {Dynamic inference of likely data preconditions over predicates
               by tree learning},
  booktitle = {ISSTA},
  year      = {2008},
  pages     = {295-306},
  ee        = {http://doi.acm.org/10.1145/1390630.1390666},
  crossref  = {DBLP:conf/issta/2008},
  bibsource = {DBLP, http://dblp.uni-trier.de}
}

@inproceedings{Podgurski03,
  author    = {Andy Podgurski and
               David Leon and
               Patrick Francis and
               Wes Masri and
               Melinda Minch and
               Jiayang Sun and
               Bin Wang},
  title     = {Automated Support for Classifying Software Failure Reports},
  booktitle = {ICSE},
  year      = {2003},
  pages     = {465-477},
  ee        = {http://computer.org/proceedings/icse/1877/18770465abs.htm},
  crossref  = {DBLP:conf/icse/2003},
  bibsource = {DBLP, http://dblp.uni-trier.de}
}

@inproceedings{Chang99,
  author    = {Juei Chang and
               Debra J. Richardson},
  title     = {Structural Specification-Based Testing: Automated Support
               and Experimental Evaluation},
  booktitle = {ESEC/SIGSOFT FSE},
  year      = {1999},
  pages     = {285-302},
  ee        = {http://link.springer.de/link/service/series/0558/bibs/1687/16870285.htm},
  crossref  = {DBLP:conf/esec/1999},
  bibsource = {DBLP, http://dblp.uni-trier.de}
}

@inproceedings{Michail05,
  author    = {Amir Michail and
               Tao Xie},
  title     = {Helping users avoid bugs in GUI applications},
  booktitle = {ICSE},
  year      = {2005},
  pages     = {107-116},
  ee        = {http://doi.acm.org/10.1145/1062455.1062490},
  crossref  = {DBLP:conf/icse/2005},
  bibsource = {DBLP, http://dblp.uni-trier.de}
}

@inproceedings{Brun04,
  author    = {Yuriy Brun and
               Michael D. Ernst},
  title     = {Finding Latent Code Errors via Machine Learning over Program
               Executions},
  booktitle = {ICSE},
  year      = {2004},
  pages     = {480-490},
  ee        = {http://csdl.computer.org/comp/proceedings/icse/2004/2163/00/21630480abs.htm},
  crossref  = {DBLP:conf/icse/2004},
  bibsource = {DBLP, http://dblp.uni-trier.de}
}

@inproceedings{Haran05,
  author    = {Murali Haran and
               Alan F. Karr and
               Alessandro Orso and
               Adam A. Porter and
               Ashish P. Sanil},
  title     = {Applying classification techniques to remotely-collected
               program execution data},
  booktitle = {ESEC/SIGSOFT FSE},
  year      = {2005},
  pages     = {146-155},
  ee        = {http://doi.acm.org/10.1145/1081706.1081732},
  crossref  = {DBLP:conf/sigsoft/2005},
  bibsource = {DBLP, http://dblp.uni-trier.de}
}


@inproceedings{Bowring04,
  author    = {James F. Bowring and
               James M. Rehg and
               Mary Jean Harrold},
  title     = {Active learning for automatic classification of software
               behavior},
  booktitle = {ISSTA},
  year      = {2004},
  pages     = {195-205},
  ee        = {http://doi.acm.org/10.1145/1007512.1007539},
  crossref  = {DBLP:conf/issta/2004},
  bibsource = {DBLP, http://dblp.uni-trier.de}
}

@inproceedings{Pacheco07,
  author    = {Carlos Pacheco and
               Shuvendu K. Lahiri and
               Michael D. Ernst and
               Thomas Ball},
  title     = {Feedback-Directed Random Test Generation},
  booktitle = {ICSE},
  year      = {2007},
  pages     = {75-84},
  ee        = {http://doi.ieeecomputersociety.org/10.1109/ICSE.2007.37},
  crossref  = {DBLP:conf/icse/2007},
  bibsource = {DBLP, http://dblp.uni-trier.de}
}

@inproceedings{Visser04,
  author    = {Willem Visser and
               Corina S. Pasareanu and
               Sarfraz Khurshid},
  title     = {Test input generation with java PathFinder},
  booktitle = {ISSTA},
  year      = {2004},
  pages     = {97-107},
  ee        = {http://doi.acm.org/10.1145/1007512.1007526},
  crossref  = {DBLP:conf/issta/2004},
  bibsource = {DBLP, http://dblp.uni-trier.de}
}

@inproceedings{Visser06,
  author    = {Willem Visser and
               Corina S. Pasareanu and
               Radek Pel{\'a}nek},
  title     = {Test input generation for java containers using state matching},
  booktitle = {ISSTA},
  year      = {2006},
  pages     = {37-48},
  ee        = {http://doi.acm.org/10.1145/1146238.1146243},
  crossref  = {DBLP:conf/issta/2006},
  bibsource = {DBLP, http://dblp.uni-trier.de}
}

@inproceedings{Sen05,
  author    = {Koushik Sen and
               Darko Marinov and
               Gul Agha},
  title     = {CUTE: a concolic unit testing engine for C},
  booktitle = {ESEC/SIGSOFT FSE},
  year      = {2005},
  pages     = {263-272},
  ee        = {http://doi.acm.org/10.1145/1081706.1081750},
  crossref  = {DBLP:conf/sigsoft/2005},
  bibsource = {DBLP, http://dblp.uni-trier.de}
}

@inproceedings{Nethercote07,
  author    = {Nicholas Nethercote and
               Julian Seward},
  title     = {Valgrind: a framework for heavyweight dynamic binary instrumentation},
  booktitle = {PLDI},
  year      = {2007},
  pages     = {89-100},
  ee        = {http://doi.acm.org/10.1145/1250734.1250746},
  crossref  = {DBLP:conf/pldi/2007},
  bibsource = {DBLP, http://dblp.uni-trier.de}
}

@inproceedings{Wassermann08,
  author    = {Gary Wassermann and
               Dachuan Yu and
               Ajay Chander and
               Dinakar Dhurjati and
               Hiroshi Inamura and
               Zhendong Su},
  title     = {Dynamic test input generation for web applications},
  booktitle = {ISSTA},
  year      = {2008},
  pages     = {249-260},
  ee        = {http://doi.acm.org/10.1145/1390630.1390661},
  crossref  = {DBLP:conf/issta/2008},
  bibsource = {DBLP, http://dblp.uni-trier.de}
}

@inproceedings{Dickinson01a,
  author    = {William Dickinson and
               David Leon and
               Andy Podgurski},
  title     = {Finding Failures by Cluster Analysis of Execution Profiles},
  booktitle = {ICSE},
  year      = {2001},
  pages     = {339-348},
  crossref  = {DBLP:conf/icse/2001},
  bibsource = {DBLP, http://dblp.uni-trier.de}
}

@inproceedings{Dickinson01b,
  author    = {William Dickinson and
               David Leon and
               Andy Podgurski},
  title     = {Pursuing failure: the distribution of program failures in
               a profile space},
  booktitle = {ESEC/SIGSOFT FSE},
  year      = {2001},
  pages     = {246-255},
  ee        = {http://doi.acm.org/10.1145/503209.503243},
  bibsource = {DBLP, http://dblp.uni-trier.de}
}

@inproceedings{Harder03,
  author    = {Michael Harder and
               Jeff Mellen and
               Michael D. Ernst},
  title     = {Improving Test Suites via Operational Abstraction},
  booktitle = {ICSE},
  year      = {2003},
  pages     = {60-73},
  ee        = {http://computer.org/proceedings/icse/1877/18770060abs.htm},
  crossref  = {DBLP:conf/icse/2003},
  bibsource = {DBLP, http://dblp.uni-trier.de}
}

@inproceedings{Xie03,
  author    = {Tao Xie and
               David Notkin},
  title     = {Tool-Assisted Unit Test Selection Based on Operational Violations},
  booktitle = {ASE},
  year      = {2003},
  pages     = {40-48},
  ee        = {http://csdl.computer.org/comp/proceedings/ase/2003/2035/00/20350040abs.htm},
  crossref  = {DBLP:conf/kbse/2003},
  bibsource = {DBLP, http://dblp.uni-trier.de}
}

@inproceedings{Pacheco05,
  author    = {Carlos Pacheco and
               Michael D. Ernst},
  title     = {Eclat: Automatic Generation and Classification of Test Inputs},
  booktitle = {ECOOP},
  year      = {2005},
  pages     = {504-527},
  ee        = {http://dx.doi.org/10.1007/11531142_22},
  crossref  = {DBLP:conf/ecoop/2005},
  bibsource = {DBLP, http://dblp.uni-trier.de}
}

@article{Ernst01,
  author    = {Michael D. Ernst and
               Jake Cockrell and
               William G. Griswold and
               David Notkin},
  title     = {Dynamically Discovering Likely Program Invariants to Support
               Program Evolution},
  journal   = {IEEE Trans. Software Eng.},
  volume    = {27},
  number    = {2},
  year      = {2001},
  pages     = {99-123},
  ee        = {http://www.computer.org/tse/ts2001/e0099abs.htm},
  bibsource = {DBLP, http://dblp.uni-trier.de}
}

@inproceedings{Liblit03,
  author    = {Ben Liblit and
               Alexander Aiken and
               Alice X. Zheng and
               Michael I. Jordan},
  title     = {Bug isolation via remote program sampling},
  booktitle = {PLDI},
  year      = {2003},
  pages     = {141-154},
  ee        = {http://doi.acm.org/10.1145/781131.781148},
  crossref  = {DBLP:conf/pldi/2003},
  bibsource = {DBLP, http://dblp.uni-trier.de}
}

@PhdThesis{Liblit04,
  author =	 {Benjamin Robert Liblit},
  title =	 {Cooperative Bug Isolation},
  school =	 {University of California, Berkeley},
  year =	 2004,
  month =	 dec
}


@article{SIR,
	title = {http://sir.unl.edu/php/index.php}
}

@mastersthesis{Dodoo02,
   author = {Nii Dodoo},
   title = {Selecting Predicates for Conditional Invariant Detection Using
	Cluster Analysis},
   school = {MIT Department of Electrical Engineering and Computer Science},
   address = {Cambridge, MA},
   month = sep,
   year = {2002}
}

@inproceedings{Hangal02,
  author    = {Sudheendra Hangal and
               Monica S. Lam},
  title     = {Tracking down software bugs using automatic anomaly detection},
  booktitle = {ICSE},
  year      = {2002},
  pages     = {291-301},
  ee        = {http://doi.acm.org/10.1145/581339.581377},
  crossref  = {DBLP:conf/icse/2002},
  bibsource = {DBLP, http://dblp.uni-trier.de}
}

@inproceedings{Xie05,
  author    = {Tao Xie and
               David Notkin},
  title     = {Automatically Identifying Special and Common Unit Tests
               for Object-Oriented Programs},
  booktitle = {ISSRE},
  year      = {2005},
  pages     = {277-287},
  ee        = {http://doi.ieeecomputersociety.org/10.1109/ISSRE.2005.12},
  crossref  = {DBLP:conf/issre/2005},
  bibsource = {DBLP, http://dblp.uni-trier.de}
}

@inproceedings{Orso04,
  author    = {Alessandro Orso and
               Nanjuan Shi and
               Mary Jean Harrold},
  title     = {Scaling regression testing to large software systems},
  booktitle = {SIGSOFT FSE},
  year      = {2004},
  pages     = {241-251},
  ee        = {http://doi.acm.org/10.1145/1029894.1029928},
  crossref  = {DBLP:conf/sigsoft/2004},
  bibsource = {DBLP, http://dblp.uni-trier.de}
}

@article{Rothermel01,
  author    = {Gregg Rothermel and
               Roland H. Untch and
               Chengyun Chu and
               Mary Jean Harrold},
  title     = {Prioritizing Test Cases For Regression Testing},
  journal   = {IEEE Trans. Software Eng.},
  volume    = {27},
  number    = {10},
  year      = {2001},
  pages     = {929-948},
  ee        = {http://www.computer.org/tse/ts2001/e0929abs.htm},
  bibsource = {DBLP, http://dblp.uni-trier.de}
}

@inproceedings{Hutchins94,
  author    = {Monica Hutchins and
               Herbert Foster and
               Tarak Goradia and
               Thomas J. Ostrand},
  title     = {Experiments of the Effectiveness of Dataflow- and Controlflow-Based
               Test Adequacy Criteria},
  booktitle = {ICSE},
  year      = {1994},
  pages     = {191-200},
  ee        = {http://portal.acm.org/citation.cfm?id=257734.257766},
  bibsource = {DBLP, http://dblp.uni-trier.de}
}

@inproceedings{Nainar07,
  author    = {Piramanayagam Arumuga Nainar and
               Ting Chen and
               Jake Rosin and
               Ben Liblit},
  title     = {Statistical debugging using compound boolean predicates},
  booktitle = {ISSTA},
  year      = {2007},
  pages     = {5-15},
  ee        = {http://doi.acm.org/10.1145/1273463.1273467},
  crossref  = {DBLP:conf/issta/2007},
  bibsource = {DBLP, http://dblp.uni-trier.de}
}





