
%
%  $Description: Bibliography of PARSEWeb workshop position paper$
%
%  $Author: Suresh Thummalapenta $
%  $Date: 2007/03/28 15:19:53 $
%  $Revision: 0.0 $
%

%%%%% BOOKS %%%%%%%%%%%%%
@BOOK{softwarefactory:mat,
 author = {Matsumoto, Y.},
 title = {A Software Factory: An Overall Approach to Software Production},
 publisher = {In P. Freeman ed., Software Reusability. IEEE CS Press},
 year = {1987},
 }

%TODO
@INPROCEEDINGS{document:leth,
 author = {Lethbridge, T.C. and Singer, J. and Forward, A.},
 title = "How software engineers use documentation: The state of the practice.",
 booktitle = {IEEE Software},
 year = {2003},
 pages = {35--39},
 }

@BOOK{java:eclipse,
 author = {Anjou, J.D. and Fairbrother, S. and Kehn, D. and Kellerman, J. and McCarthy, P.},
 title = "The {J}ava Developer's Guide to Eclipse",
 publisher = {Addison-Wesley Professional},
 year = {2004},
 }



%%%%% ARTICLE %%%%%%%%%%%%
@ARTICLE{scs:goguen,
 author = {Goguen, J. and Nguyen, D. and Meseguer, J. and Luqi and Zhang, D. and Berzins, V.},
 title = "{S}oftware {C}omponent {S}earch",
 JOURNAL = {Journal of Systems Integration},
 pages = {93--134},
 VOLUME = {6},
 NUMBER = {1/2},
 MONTH = "march",
 year = {1996},
 }

%TODO:: To correct this
@ARTICLE{signature:zaremski,
 author = {Zaremski, A.M. and Wing, J.M.},
 title = "{S}ignature {M}atching: a {T}ool for {U}sing {S}oftware {L}ibraries.",
 booktitle = {In ACM Transactions on Software Engineering and Methodology (TOSEM)},
 year = {1995},
 pages = {146--170},
 }

@ARTICLE{bowman:reasoning,
    AUTHOR = "Mic Bowman and Saumya K. Debray and Larry L. Peterson",
    TITLE = "Reasoning About Naming Systems",
    JOURNAL = "ACM Trans. Program. Lang. Syst.",
    VOLUME = {15},
    NUMBER = {5},
    PAGES = {795-825},
    MONTH = "November",
    YEAR = {1993}
}

%%%%% CONFERENCE PAPERS %%%%%%%%%%%%%%
@INPROCEEDINGS{sfreuse:ye,
 author = {Ye, Y. and Fischer, G.},
 title = {Supporting reuse by delivering taskrelevant and personalized information},
 booktitle = {Proc. of ICSE},
 year = {2002},
 pages = {513--523},
 }


@INPROCEEDINGS{examples:renuka,
 author = {Sindhgatta, R.},
 title = "{U}sing an {I}nformation {R}etrieval {S}ystem to {R}etrieve {S}ource {C}ode {S}amples.",
 booktitle = {Proc. of ICSE},
 year = {2006},
 pages = {000--000},
 }

@INPROCEEDINGS{integrate:ye,
 author = {Ye, Y. and Fischer, G. and Reeves, B.},
 title = {Integrating active information delivery and reuse repository systems.},
 booktitle = {Proc. of FSE},
 year = {2000},
 pages = {60--68},
 }

@INPROCEEDINGS{xsnippet:saha,
 author = {Sahavechaphan, N. and Claypool, K.},
 title = "{X}{S}nippet: Mining For Sample Code",
 booktitle = {Proc. of OOPSLA},
 year = {2006},
 pages = {413--430},
 }

@INPROCEEDINGS{sourcerer:baj,
 author = {Bajracharya, S. and Ngo, T. and Linstead, E. and Dou, Y. and Rigor, P. and Baldi, P. and Lopes, C.},
 title = "{S}ourcerer: A Search Engine for Open Source Code Supporting Structure-Based Search",
 booktitle = {Proc. of OOPSLA Companion},
 year = {2006},
 }

@INPROCEEDINGS{prospector:jungloid,
 author = {Mandelin, D. and Xu, L. and Bodik, R. and Kimelman, D.},
 title = {Jungloid mining: helping to navigate the {API} jungle},
 booktitle = {Proc. of PLDI},
 year = {2005},
 pages = {48--61},
 }

@INPROCEEDINGS{strathcona:se,
 author = {Holmes, R. and Murphy, G.C.},
 title = {Using structural context to recommend source code examples},
 booktitle = {Proc. of ICSE},
 year = {2005},
 pages = {117--125},
 }

%%%%%% WORKSHOP PAPERS %%%%%%%%%
@INPROCEEDINGS{sager-msr06-clsim,
author = {Sager, T. and Bernstein, A. and Pinzger, M. and Kiefer, C.},
title = {Detecting Similar {J}ava Classes Using Tree Algorithms},
booktitle = {Proc. of MSR},
year = {2006},
pages = {65--71},
}

@INPROCEEDINGS{mapo:xie,
 author = {Xie, T. and Pei, J.},
 title = "M{A}{P}{O}: Mining {A}{P}{I} Usages from Open Source Repositories.",
 booktitle = {Proc. of MSR},
 year = {2006},
 pages = {54--57},
 }



%%%%%% OTHERS %%%%%%%%%%
@misc{GCSE,
  key = {GCSE},
  title = "Google {C}ode {S}earch {E}ngine",
  note = {\texttt{http://www.google.com/codesearch}},
  keywords = {code search engine},
  year = {2006},
}

@misc{KODERS,
  key = {KODERS},
  title = "The {K}oders source code search engine",
  note = {\texttt{http://www.koders.com}},
  keywords = {code search engine},
  year = {2005},
}

@misc{KRUGLE,
  key = {KRUGLE},
  title = "The {K}rugle code search for developers",
  note = {\texttt{http://www.krugle.com}},
  keywords = {code search engine},
  year = {2006},
}

@misc{CODEASE,
  key = {CODEASE},
  title = "{C}odease",
  note = {\texttt{http://www.codase.com/}},
  keywords = {code search engine},
  year = {2005},
}

@misc{DOCJAR,
  key = {DOCJAR},
  title = "{D}oc{J}ar",
  note = {\texttt{http://www.docjar.com/}},
  keywords = {code search engine},
  year = {2005},
}

@misc{SPARSJ,
  key = {SPARSJ},
  title = "{SPARS-J}",
  note = {\texttt{http://demo.spars.info/}},
  keywords = {code search engine},
  year = {2005},
}

@misc{EclipseJDT,
  key = {EclipseJDT},
  title = "Java tool smithing extending the {E}clipse {J}ava {D}evelopment {T}ools",
  author = {Aeschlimann, M. and Baumer, D. and Lanneluc., J.},
  keywords = {Eclipse JDT},
  year = {2005},
}

@misc{Jung,
  key = {Jung},
  title = "JUNG — the {J}ava {U}niversal {N}etwork/{G}raph {F}ramework",
  note = {\texttt{http://jung.sourceforge.net/}},
  keywords = {Jung},
  year = {2005},
}


@INPROCEEDINGS{xie07:mining,
    author = {Xie, T. and Pei, J. and Hassan, A.},
    title = "{Mining Software Engineering Data}",
    booktitle = {Proc. ICSE Companion Tutorial},
    month = {May},
    year = {2007},
    pages = {172--173},
}

@ARTICLE{ernst01:dynamically,
  author = {Ernst, M. and Cockrell, J. and Griswold, W. and Notkin, D.},
  title = "{Dynamically Discovering Likely Program Invariants to Support Program Evolution}",
  journal = {IEEE Trans. Softw. Eng.},
  year = {2001},
  volume = {27},
  pages = {99--123},
  number = {2},
}

@book{han00:data,
 author = {Han, J. and Kamber, M.},
 title = "{Data mining: concepts and techniques}",
 year = {2000},
 publisher = {Morgan Kaufmann Publishers Inc.},
 }
 
@book{tan06:data,
 author = {Tan, Pangning and Steinbach, Michael and Kumar, Vipin},
 title = "{Introduction to Data Mining}",
 year = {2006},
 publisher = {Addison-Wesley 1st edition},
 }
 
@book{nello:sup,
 author = {Nello, Cristianini and John, Shawe-Taylor},
 title = "{An Introduction to Support Vector Machines and Other Kernel-based Learning Methods}",
 year = {2000},
 publisher = {Addison-Wesley 1st edition},
 }  

@MISC{dahm03:byte,
  author = {Markus Dahm and Jason van Zyl},
  title = {Byte {C}ode {E}ngineering {L}ibrary},
  month = {April},
  year = {2003},
  note = {\texttt{http://jakarta.apache.org/bcel/}},
  source = {http://jakarta.apache.org/bcel/},
}

@INPROCEEDINGS{thummalapenta07:parseweb,
    author = {Thummalapenta, S. and Xie, T.},
    title = "{PARSEWeb}: {A Programmer Assistant for Reusing Open Source Code on the Web}",
    booktitle = {Proc. ASE},
    year = {2007},
    pages= {204--213},   
}

@inproceedings{Hangal2002,
  author    = {Sudheendra Hangal and Monica S. Lam},
  title     = "{Tracking Down Software Bugs Using Automatic Anomaly Detection}",
  booktitle = {Pro. ICSE},
  year      = {2002},
  pages = {291--301},
}

@inproceedings{ ammons02mining,
    author = {Glenn Ammons and Rastislav Bodik and James R. Larus},
  title = "{Mining specifications}",
  booktitle = {Proc. POPL},
  year = {2002},
  pages = {4--16},  
 }

@inproceedings{ yang2006pmt,
  author = {Yang, J. and Evans, D. and Bhardwaj, D. and Bhat, T. and Das, M.},
  title = "{Perracotta: mining temporal API rules from imperfect traces}",
  booktitle = {Proc. ICSE},
  year = {2006},
  pages = {282--291},  
 }

@inproceedings{Engler2001deviant,
 author = {Dawson Engler and David Yu Chen and Seth Hallem and Andy Chou and Benjamin Chelf},
 title = "{Bugs as deviant behavior: a general approach to inferring errors in systems code}",
 booktitle = {Proc. SOSP},
 year = {2001},
 isbn = {1-58113-389-8},
 pages = {57--72},
 }

@inproceedings{Zhenmin2005PRMiner,
  author    = {Zhenmin Li and Yuanyuan Zhou},
  title     = "{{PR-Miner}: Automatically Extracting Implicit Programming Rules and Detecting Violations in Large Software Codes}",
  booktitle = {Proc. FSE},
  year      = {2005},
  pages     = {306-315},
}

@INPROCEEDINGS{acharya06:mining,
    author = {Mithun Acharya and Tao Xie and Jun Xu},
    title = "{Mining Interface Specifications for Generating Checkable Robustness Properties}",
    booktitle = {Proc. ISSRE},
    year = {2006},
    pages = {311--320}, 
}

@inproceedings{ramanathan07:path,
 author = {Murali Krishna Ramanathan and Ananth Grama and Suresh Jagannathan},
 title = "{Path-Sensitive Inference of Function Precedence Protocols}",
 booktitle = {Proc. ICSE},
 year = {2007},
 pages = {240--250},
}

@inproceedings{shoham07:static,
 author = {Sharon Shoham and Eran Yahav and Stephen Fink and Marco Pistoia},
 title = "{Static specification mining using automata-based abstractions}",
 booktitle = {Proc. ISSTA},
 year = {2007},
 pages = {174--184},
 }

@inproceedings{chang07:finding,
 author = {Ray-Yaung Chang and Andy Podgurski and Jiong Yang},
 title = "{Finding what's not there: a new approach to revealing neglected conditions in software}",
 booktitle = {Proc. ISSTA},
 year = {2007},
 pages = {163--173},
 }

@INPROCEEDINGS{acharya07:mining,
    author = {Mithun Acharya and Tao Xie and Jian Pei and Jun Xu},
    title = "{Mining {API} Patterns as Partial Orders from Source Code: From Usage Scenarios to Specifications}",
    booktitle = {Proc. ESEC/FSE},
    year = {2007},
    pages = {25--34},
}

@INPROCEEDINGS{wasylkowski07:detecting,
    author = {Andrzej Wasylkowski and Andreas Zeller and Christian Lindig},
    title = "{Detecting Object Usage Anomalies}",
    booktitle = {Proc. ESEC/FSE},
    year = {2007},
    pages = {35--44},
}

@inproceedings{ livshits05dynamine,
    title = "{DynaMine: Finding Common Error Patterns by Mining Software Revision Histories}",
    author = "V. Benjamin Livshits and Thomas Zimmermann",
    year = "2005",
    booktitle = "Proc. ESEC/FSE",
    pages = {296--305}
}

@inproceedings{Chadd2005rule,
  author = {Chadd C. Williams and Jeffrey K. Hollingsworth},
 title = "{Recovering system specific rules from software repositories}",
 booktitle = {Proc. MSR},
 year = {2005},
  pages = {1--5},
 }
 
@book{ullman:compiler,
  author    = {Alfred V. Aho and Ravi Sethi and Jeffrey D. Ullman},
  title     = {Compilers: Princiles, Techniques, and Tools},
  publisher = {Addison-Wesley},
  year      = {1986},  
} 

@inproceedings {Burdick01mafia,
    author = {Doug Burdick and Manuel Calimlim and Johannes Gehrke},
    title = "{MAFIA: A maximal frequent itemset algorithm for transactional databases}",
    booktitle = {Proc. ICDE},
    year = {2001},
    pages = {443--452}
}

@inproceedings{wang:bide,
 author = {Jianyong Wang and Jiawei Han},
 title = "{BIDE: Efficient Mining of Frequent Closed Sequences}",
 booktitle = {Proc. ICDE},
 year = {2004},
 pages = {79--80},
 
}

@INPROCEEDINGS{thummalapenta09:mining,
    author = {Suresh Thummalapenta and Tao Xie},
    title = "{Mining Exception-Handling Rules as Sequence Association Rules}",
    booktitle = {Proc. ICSE},
    month = {May},
    year = {2009}, 
    pages = {496--506},
}

@INPROCEEDINGS{WeimerN05,
	author = {Weimer, W. and Necula, G.},
	title = {Mining Temporal Specifications for Error Detection},
	booktitle = {Proc. TACAS},
	year = {2005},
	pages = {461--476},
}
