

%
%  $Description: Bibliography of OOPSLA SRC07 Paper$
%
%  $Author: Suresh Thummalapenta $
%  $Date: 2007/03/28 15:19:53 $
%  $Revision: 0.0 $
%


@BOOK{softwarefactory:mat,
 author = {Matsumoto, Y.},
 title = "{A} {S}oftware {F}actory: {A}n {O}verall {A}pproach to {S}oftware {P}roduction",
 publisher = {In P. Freeman, editor, Tutorial: Software Reusability. IEEE Computer Society Press},
 year = {1987},
 }

@ARTICLE{scs:goguen,
 author = {Goguen, J. and Nguyen, D. and Meseguer, J. and Luqi and Zhang, D. and Berzins, V.},
 title = "{S}oftware {C}omponent {S}earch",
 JOURNAL = {Journal of Systems Integration},
 pages = {93--134},
 VOLUME = {6},
 NUMBER = {1/2},
 MONTH = "march",
 year = {1996},
 }

@INPROCEEDINGS{sfreuse:ye,
 author = {Ye, Y. and Fischer, G.},
 title = {Supporting reuse by delivering taskrelevant and personalized information},
 booktitle = {Proc. of the 24th International Conference on Software Engineering},
 year = {2002},
 pages = {513--523},
 }

@InProceedings{sager-msr06-clsim,
author = {Sager, T. and Bernstein, A. and Pinzger, M. and Kiefer, C.},
title = {Detecting Similar Java Classes Using Tree Algorithms},
booktitle = {Proc. of the International Workshop on Mining Software Repositories},
pages = {65--71},
year = {2006},
}


@INPROCEEDINGS{integrate:ye,
 author = {Ye, Y. and Fischer, G. and Reeves, B.},
 title = {Integrating active information delivery and reuse repository systems.},
 booktitle = {In International Symposium on Foundations of Software Engineering},
 year = {2000},
 pages = {60--68},
 }


@INPROCEEDINGS{signature:zaremski,
 author = {Zaremski, A.M. and Wing, J.M.},
 title = "{S}ignature {M}atching: a {T}ool for {U}sing {S}oftware {L}ibraries.",
 booktitle = {In ACM Transactions on Software Engineering and Methodology (TOSEM)},
 year = {1995},
 pages = {146--170},
 }

@INPROCEEDINGS{examples:renuka,
 author = {Sindhgatta, R.},
 title = "{U}sing an {I}nformation {R}etrieval {S}ystem to {R}etrieve {S}ource {C}ode {S}amples.",
 booktitle = {Proc. of the 28th International Conference on Software Engineering},
 year = {2006},
 }

@INPROCEEDINGS{xsnippet:saha,
 author = {Sahavechaphan, N. and Claypool, K.},
 title = "{X}{S}nippet: Mining For Sample Code",
 booktitle = {Proc. of OOPSLA},
 year = {2006},
 pages = {413--430},
 }

@INPROCEEDINGS{sourcerer:baj,
 author = {Bajracharya, S. and Ngo, T. and Linstead, E. and Dou, Y. and Rigor, P. and Baldi, P. and Lopes, C.},
 title = "{S}ourcerer: {A} {S}earch {E}ngine for {O}pen {S}ource {C}ode {S}upporting {S}tructure-{B}ased {S}earch",
 booktitle = {Proc. of OOPSLA},
 year = {2006},
 }

@INPROCEEDINGS{document:leth,
 author = {Lethbridge, T.C. and Singer, J. and Forward, A.},
 title = "How software engineers use documentation: The state of the practice.",
 booktitle = {IEEE Software},
 year = {2003},
 pages = {35--39},
 }

@misc{GCSE,
  key = {GCSE},
  title = "Google ",
  note = {\url{http://www.google.com/codesearch}},
  keywords = {code search engine},
  year = {2006},
}

@misc{JUNIT,
  key = {JUNIT},
  title = "J{U}nit ",
  note = {\url{http://www.junit.org}},
  keywords = {framework},
  year = {2006},
}

@misc{LOG4J,
  key = {LOG4J},
  title = "Log4j ",
  note = {\url{http://logging.apache.org/log4j}},
  keywords = {framework},
  year = {2006},
}

@misc{BCEL,
  key = {BCEL},
  title = "BCEL ",
  note = {\url{http://jakarta.apache.org/bcel/}},
  keywords = {framework},
  year = {2006},
}

@misc{STRUT,
  key = {STRUT},
  title = "Struts ",
  note = {\url{http://struts.apache.org/}},
  keywords = {framework},
  year = {2006},
}


@BOOK{java:eclipse,
 author = {Anjou, J.D. and Fairbrother, S. and Kehn, D. and Kellerman, J. and McCarthy, P.},
 title = "The {J}ava({TM}) {D}eveloper’s {G}uide to {ECLIPSE} (The 2nd {E}dition).",
 publisher = {Addison-Wesley Professional},
 year = {2004},
 }

@misc{JMFForum,
  key = {JMFForum},
  title = "Java {M}edia {F}ramework {D}eveloper {F}orum",
  note = {\url{http://forum.java.sun.com/thread.jspa?threadID=5152068&tstart=45}},
  keywords = {JMF},
  year = {2006},
}

@misc{BCELForum,
  key = {BCELForum},
  title = "{J}akarta {BCEL} user forum",
  note = {\url{http://mail-archives.apache.org/mod_mbox/jakarta-bcel-user/200609.mbox/thread}},
  keywords = {BCEL},
  year = {2001},
}


@misc{KODERS,
  key = {KODERS},
  title = "{K}oders ",
  note = {\url{http://www.koders.com}},
  keywords = {code search engine},
  year = {2005},
}

@misc{KRUGLE,
  key = {KRUGLE},
  title = "{K}rugle ",
  note = {\url{http://www.krugle.com}},
  keywords = {code search engine},
  year = {2006},
}

@misc{CODEASE,
  key = {CODEASE},
  title = "{C}odease",
  note = {\url{http://www.codase.com/}},
  keywords = {code search engine},
  year = {2005},
}

@misc{DOCJAR,
  key = {DOCJAR},
  title = "{D}oc{J}ar",
  note = {\url{http://www.docjar.com/}},
  keywords = {code search engine},
  year = {2005},
}

@misc{SPARSJ,
  key = {SPARSJ},
  title = "{SPARS-J}",
  note = {\url{http://demo.spars.info/}},
  keywords = {code search engine},
  year = {2005},
}

@misc{EclipseJDT,
  key = {EclipseJDT},
  title = "Java tool smithing extending the {E}clipse {J}ava {D}evelopment {T}ools",
  author = {Aeschlimann, M. and Baumer, D. and Lanneluc., J.},
  keywords = {Eclipse JDT},
  year = {2005},
}


@INPROCEEDINGS{prospector:jungloid,
 author = {Mandelin, D. and Xu, L. and Bodik, R. and Kimelman, D.},
 title = {Jungloid mining: helping to navigate the {API} jungle},
 booktitle = {Proc. of PLDI},
 year = {2005},
 pages = {48--61},
 }

@INPROCEEDINGS{strathcona:se,
 author = {Holmes, R. and Murphy, G.C.},
 title = {Using structural context to recommend source code examples},
 booktitle = {Proc. of ICSE},
 year = {2005},
 pages = {117--125},
 }

@INPROCEEDINGS{mapo:xie,
 author = {Xie, T. and Pei, J.},
 title = "M{A}{P}{O}: Mining {A}{P}{I} Usages from Open Source Repositories.",
 booktitle = {Proc. 3rd International Workshop on Mining Software Repositories},
 year = {2006},
 pages = {54--57},
 }

@misc{Logic,
  key = {Logic},
  title = "{L}ogic {P}roject based on {E}clipse {G}{E}{F}",
  note = {\url{http://www.eclipse.org/downloads/download.php?file=/tools/gef/downloads/drops/R-3.2.1-&200609211617/GEF-examples-3.2.1.zip}},
  keywords = {OpenSource},
  year = {2006},
}

@misc{BEAForum,
  key = {BEAForum},
  title = "Dev2{D}ev {N}ewsgroups by developers, for developers",
  note = {\url{http://forums.bea.com/bea/message.jspa?messageID=202265042&tstart=0}},
  keywords = {Forum},
  year = {2006},
}

@misc{Jung,
  key = {Jung},
  title = "JUNG — the {J}ava {U}niversal {N}etwork/{G}raph {F}ramework",
  note = {\url{http://jung.sourceforge.net/}},
  keywords = {Jung},
  year = {2005},
}
