% This file was created with JabRef 2.3.1.
% Encoding: Cp1252

@book{ferraiolo03:role,
 author = {David F. Ferraiolo and D. Richard Kuhn and Ramaswamy Chandramouli},
 title = {Role-Based Access Control},
 year = {2003},
 publisher = {Artech House, Inc.},
 }


@INPROCEEDINGS{ferraiolo92:role,
  author = {David Ferraiolo and Richard Kuhn},
  title = {Role Based Access Control},
   booktitle = {Proc. 15th {NIST}-{NCSC} National Computer Security Conference},
    pages = "554--563",
    year = "1992",
}


@ARTICLE{abramson96:relative,
  author = {David Abramson and Ian Foster and John Michalakes and Rok Socic},
  title = {Relative debugging: a new methodology for debugging scientific applications},
  journal = {Communications of the ACM},
  year = {1996},
  volume = {39},
  pages = {69--77},
  number = {11},
  doi = {http://doi.acm.org/10.1145/240455.240475},
  issn = {0001-0782},
  publisher = {ACM Press}
}

@PHDTHESIS{acree80:mutation,
  author = {A. T. Acree},
  title = {On Mutation},
  school = {Georgia Institute of Technology},
  year = {1980},
  owner = {mar99999},
  timestamp = {2006.02.21}
}

@ARTICLE{agrawal93:debugging,
  author = {Hiralal Agrawal and Richard A. DeMillo and Eugene H. Spafford},
  title = {Debugging with Dynamic Slicing and Backtracking},
  journal = {Software - Practice and Experience},
  year = {1993},
  volume = {23},
  pages = {589-616},
  number = {6}
}

@INPROCEEDINGS{agrawal95:fault,
  author = {Hiralal Agrawal and Joseph R. Horgan and Saul London and W. Eric
    Wong},
  title = {Fault localization using execution slices and data ow tests},
  booktitle = {Proc. IEEE Software Reliability Engineering},
  year = {1995},
  pages = {143--151},
  publisher = {IEEE Computer Society Press}
}

@INPROCEEDINGS{al-shaer:discovery04,
  author = {Ehab Al-Shaer and Hazem Hamed},
  title = {Discovery of policy anomalies in distributed firewalls},
  booktitle = {Proc. INFOCOM},
  year = {2004},
  pages = {2605--2616}
}

@TECHREPORT{alexander04:towards,
  author = {Roger T. Alexander and James M. Bieman and Anneliese A. Andrews},
  title = {Towards the Systematic Testing of Aspect-Oriented Programs},
  institution = {Department of Computer Science, Colorado State University},
  year = {2004},
  type = {Technical Report},
  number = {CS-4-105},
  address = {Fort Collins, Colorado}
}

@BOOK{alonso02:web,
  title = {Web Services Concepts, Architectures and Applications Series: Data-Centric
    Systems and Applications},
  publisher = {Addison-Wesley Professional,},
  year = {2002},
  author = {G. Alonso and F. Casati and H. Kuno and V. Machiraju.}
}

@INPROCEEDINGS{amla92:using,
  author = {Nina Amla and Paul Ammann},
  title = {Using {Z} specifications in category partition testing},
  booktitle = {Proc. 7th Annual Conference on Computer Assurance},
  year = {1992},
  pages = {3--10},
  month = {June},
  location = {Gaithersburg, MD}
}

@INPROCEEDINGS{ammann94:using,
  author = {Paul Ammann and Jeff Offutt},
  title = {Using Formal Methods To Derive Test Frames in Category-Partition
    Testing },
  booktitle = {Proc. 9th Annual Conference on Computer Assurance},
  year = {1994},
  pages = {69--80},
  month = {June},
  location = {Gaithersburg, MD}
}

@INPROCEEDINGS{ammann03:coverage,
  author = {Paul Ammann and Jeff Offutt and Hong Huang},
  title = {Coverage Criteria for Logical Expressions},
  booktitle = {Proc. 14th International Symposium on Software Reliability Engineering},
  year = {2003},
  pages = {99-107},
  address = {Washington, DC}
}

@INPROCEEDINGS{ammann98:using,
  author = {Paul E. Ammann and Paul E. Black and William Majurski},
  title = {Using Model Checking to Generate Tests from Specifications},
  booktitle = {Proc. ICFEM},
  year = {1998},
  pages = {46--54}
}

@INPROCEEDINGS{ammons02:mining,
  author = {Glenn Ammons and Rastislav Bodik and James R. Larus},
  title = {Mining specifications},
  booktitle = {Proc. 29th ACM SIGPLAN-SIGACT Symposium on Principles of Programming
    Languages},
  year = {2002},
  pages = {4--16},
  doi = {http://doi.acm.org/10.1145/503272.503275},
  isbn = {1-58113-450-9},
  location = {Portland, Oregon}
}

@INPROCEEDINGS{ammons03:debugging,
  author = {Glenn Ammons and David Mandelin and Rastislav Bodik and James R.
    Larus},
  title = {Debugging temporal specifications with concept analysis},
  booktitle = {Proc. ACM SIGPLAN Conference on Programming Language Design and Implementation},
  year = {2003},
  pages = {182--195},
  doi = {http://doi.acm.org/10.1145/781131.781152},
  isbn = {1-58113-662-5},
  location = {San Diego, California, USA}
}

@MISC{anderson02:xacml,
  author = {Anne Anderson},
  title = {{XACML} 1.1 Committee Specification Conformance Tests},
  howpublished = {\url{http://www.oasis-open.org/committees/xacml/ConformanceTests/}},
  year = {2002}
}

@INPROCEEDINGS{anderson96:security,
  author = {Ross J. Anderson},
  title = {A Security Policy Model for Clinical Information Systems},
  booktitle = {Proc. IEEE Symposium on Security and Privacy},
  year = {1996},
  pages = {30--43},
  paddress = {Los Alamitos, CA},
  url = {\code{ http://www.cl.cam.ac.uk/ftp/users/rja14/oakpolicy.ps.Z}}
}

@INPROCEEDINGS{andrews79:using,
  author = {Dorothy M. Andrews},
  title = {Using Executable Assertions for Testing and Fault Tolerance},
  booktitle = {Proc. the 9th International Symposium on Fault-Tolerant Computing},
  year = {1979},
  pages = {102--105}
}

@INPROCEEDINGS{andrews05:mutantion,
  author = {J. H. Andrews and L. C. Briand and Y. Labiche},
  title = {Is mutation an appropriate tool for testing experiments?},
  booktitle = {Proc. 27th International Conference on Software Engineering},
  year = {2005},
  pages = {402--411},
  location = {St. Louis, MO}
}

@INPROCEEDINGS{andrews04:zing,
  author = {Tony Andrews and Shaz Qadeer and Sriram K. Rajamani and Jakob Rehof
    and Yichen Xie},
  title = {Zing: A Model Checker for Concurrent Software},
  booktitle = {Proc. 6th International Conference on Computer Aided Verification},
  year = {2004},
  pages = {484--487}
}

@BOOK{arnold00:java,
  title = {The Java Programming Language},
  publisher = {Addison-Wesley Longman Publishing Co., Inc.},
  year = {2000},
  author = {Ken Arnold and James Gosling and David Holmes},
  isbn = {0201704331}
}

@BOOK{arnold96:software,
  title = {Software Change Impact Analysis},
  publisher = {IEEE Computer Society Press},
  year = {1996},
  author = {Robert S. Arnold},
  isbn = {0818673842}
}

@ARTICLE{avritzer96:deriving,
  author = {Alberto Avritzer and Elaine J. Weyuker},
  title = {Deriving workloads for performance testing},
  journal = {Softw. Pract. Exper.},
  year = {1996},
  volume = {26},
  pages = {613--633},
  number = {6}
}

@TECHREPORT{ball04:theory,
  author = {Thomas Ball},
  title = {A Theory of Predicate-Complete Test Coverage and Generation},
  institution = {Microsoft Research},
  year = {2004},
  type = {Technical Report},
  number = {MSR-TR-2004-28},
  address = {Redmond, WA},
  month = {April}
}

@TECHREPORT{ball03:abstraction,
  author = {Thomas Ball},
  title = {Abstraction-guided Test Generation: A Case Study},
  institution = {Microsoft Research},
  year = {2003},
  type = {Technical Report},
  number = {MSR-TR-2003-86},
  address = {Seattle, WA},
  month = {November}
}

@ARTICLE{ball00:state,
  author = {Thomas Ball and Daniel Hoffman and Frank Ruskey and Richard Webber
    and Lee J. White},
  title = {State Generation and Automated Class Testing},
  journal = {Software Testing, Verification and Reliability},
  year = {2000},
  volume = {10},
  pages = {149--170},
  number = {3}
}

@ARTICLE{621514,
  author = {Thomas Ball and James R. Larus},
  title = {Using Paths to Measure, Explain, and Enhance Program Behavior},
  journal = {Computer},
  year = {2000},
  volume = {33},
  pages = {57--65},
  number = {7},
  doi = {http://dx.doi.org/10.1109/2.869371},
  issn = {0018-9162},
  publisher = {IEEE Computer Society Press}
}

@ARTICLE{BallLarus2000,
  author = {Tom Ball and James R. Larus},
  title = {Using Paths to Measure, Explain, and Enhance Program Behavior},
  journal = {IEEE Computer},
  year = {2000},
  volume = {33},
  pages = {57--65},
  number = {7}
}

@INPROCEEDINGS{ball96:efficient,
  author = {Thomas Ball and James R. Larus},
  title = {Efficient path profiling},
  booktitle = {Proc. 29th ACM/IEEE International Symposium on Microarchitecture},
  year = {1996},
  pages = {46--57},
  isbn = {0-8186-7641-8},
  location = {Paris, France}
}

@INPROCEEDINGS{ball01:automatic,
  author = {Thomas Ball and Rupak Majumdar and Todd Millstein and Sriram K. Rajamani},
  title = {Automatic predicate abstraction of {C} programs},
  booktitle = {Proc. ACM SIGPLAN 2001 Conference on Programming Language Design
    and Implementation},
  year = {2001},
  pages = {203--213},
  doi = {http://doi.acm.org/10.1145/378795.378846},
  isbn = {1-58113-414-2},
  location = {Snowbird, Utah, United States}
}

@INPROCEEDINGS{ball01:automatically,
  author = {Thomas Ball and Sriram K. Rajamani},
  title = {Automatically validating temporal safety properties of interfaces},
  booktitle = {Proc. 8th International SPIN Workshop on Model Checking of Software},
  year = {2001},
  pages = {103--122},
  location = {Toronto, Ontario, Canada}
}

@TECHREPORT{baresi01:test,
  author = {Luciano Baresi and Michal Young},
  title = {Test Oracles},
  institution = {University of Oregon, Dept. of Computer and Information Science},
  year = {2001},
  type = {Technical Report},
  number = {CIS-TR-01-02},
  address = {Eugene, Oregon, U.S.A.},
  month = {August}
}

@ARTICLE{barker03:flexible,
  author = {Steve Barker and Peter J. Stuckey},
  title = {Flexible access control policy specification with constraint logic
    programming},
  journal = {ACM Trans. Inf. Syst. Secur.},
  year = {2003},
  volume = {6},
  pages = {501--546},
  number = {4},
  issn = {1094-9224}
}

@INPROCEEDINGS{barnett04:pure,
  author = {Mike Barnett and David A. Naumann and Wolfram Schulte and Qi Sun},
  title = {99.44\% pure: Useful Abstractions in Specifications},
  booktitle = {Proc. 6th Workshop on Formal Techniques for Java-like Programs},
  year = {2004},
  month = {June}
}

@INPROCEEDINGS{barrett04:cvclite,
  author = {Clark W. Barrett and Sergey Berezin},
  title = {{CVC} {L}ite: A New Implementation of the Cooperating Validity Checker},
  booktitle = {Proc. 16th International Conference on Computer Aided Verification},
  year = {2004},
  pages = {515--518},
  month = {July},
  location = {Boston, MA}
}

@BOOK{beck03:test,
  title = {Test Driven Development: By Example},
  publisher = {Addison-Wesley},
  year = {2003},
  author = {Kent Beck},
  isbn = {0-321-14653-0},
  keywords = {olit scglib oorp}
}

@BOOK{beck00:extreme,
  title = {Extreme programming explained},
  publisher = {Addison-Wesley},
  year = {2000},
  author = {Kent Beck}
}

@ARTICLE{beck98:test,
  author = {Kent Beck and Erich Gamma},
  title = {Test Infected: Programmers Love Writing Tests},
  journal = {Java Report},
  year = {1998},
  volume = {3},
  pages = {37--50},
  number = {7},
  url = {http://junit.sourceforge.net/doc/testinfected/testing.htm}
}

@BOOK{beizer90:testing,
  title = {Software Testing Techniques},
  publisher = {International Thomson Computer Press},
  year = {1990},
  author = {Boris Beizer}
}

@ARTICLE{bergmans01:composing,
  author = {Lodewijk Bergmans and Mehmet Aksits},
  title = {Composing crosscutting concerns using composition filters},
  journal = {Commun. ACM},
  year = {2001},
  volume = {44},
  pages = {51--57},
  number = {10}
}

@ARTICLE{bernot91:software,
  author = {Gilles Bernot and Marie Claude Gaudel and Bruno Marre},
  title = {Software testing based on formal specifications: a theory and a tool},
  journal = {Softw. Eng. J.},
  year = {1991},
  volume = {6},
  pages = {387--405},
  number = {6},
  issn = {0268-6961},
  publisher = {Michael Faraday House}
}

@INPROCEEDINGS{bertino99:logical,
  author = {Elisa Bertino and Francesco Buccafurri and Elena Ferrari and Pasquale
    Rullo},
  title = {A Logical Framework for Reasoning on Data Access Control Policies},
  booktitle = {Proc. 12th {IEEE} Computer Security Foundations Workshop},
  year = {1999},
  pages = {175--189}
}

@INPROCEEDINGS{bertino01:specifying,
  author = {Elisa Bertino and Silvana Castano and Elena Ferrari},
  title = {On specifying security policies for web documents with an {XML-based}
    language},
  booktitle = {Proc. 6th ACM Symposium on Access Control Models and Technologies},
  year = {2001},
  address = {Chantilly, VA},
  month = {May}
}

@INPROCEEDINGS{beyer04:generating,
  author = {Dirk Beyer and Adam J. Chlipala and Rupak Majumdar},
  title = {Generating Tests from Counterexamples},
  booktitle = {Proc. 26th International Conference on Software Engineering},
  year = {2004},
  pages = {326--335}
}

@ARTICLE{binder94:object,
  author = {Robert V. Binder},
  title = {Object-oriented software testing},
  journal = {Commun. ACM},
  year = {1994},
  volume = {37},
  pages = {28--29},
  number = {9}
}

@ARTICLE{boehm96:identifying,
  author = {Barry Boehm and Hoh In},
  title = {Identifying Quality-Requirement Conflicts},
  journal = {IEEE Software},
  year = {1996},
  volume = {13},
  pages = {25--35},
  number = {2},
  doi = {http://dx.doi.org/10.1109/52.506460},
  issn = {0740-7459},
  publisher = {IEEE Computer Society Press}
}

@INPROCEEDINGS{bonatti00:modular,
  author = {P.~Bonatti and S.~Vimercati and P.~Samarati},
  title = {A Modular Approach to Composing Access Control Policies},
  booktitle = {Proc. ACM Conference on Computer and Communication Security},
  year = {2000},
  address = {Athens, Greece},
  month = {November}
}

@INPROCEEDINGS{boyapati02:korat,
  author = {Chandrasekhar Boyapati and Sarfraz Khurshid and Darko Marinov},
  title = {Korat: automated testing based on {Java} predicates},
  booktitle = {Proc. International Symposium on Software Testing and Analysis},
  year = {2002},
  pages = {123--133},
  doi = {http://doi.acm.org/10.1145/566172.566191},
  isbn = {1-58113-562-9},
  location = {Roma, Italy}
}

@PHDTHESIS{budd80:mutation,
  author = {T. A. Budd},
  title = {Mutation Analysis of Program Test Data},
  school = {Yale University},
  year = {1980},
  owner = {mar99999},
  timestamp = {2006.02.21}
}

@INPROCEEDINGS{budd80:theoretical,
  author = {Timothy A. Budd and Richard A. DeMillo and Richard J. Lipton and
    Frederick G. Sayward},
  title = {Theoretical and empirical studies on using program mutation to test
    the functional correctness of programs},
  booktitle = {Proc. 7th ACM SIGPLAN-SIGACT Symposium on Principles of Programming
    Languages},
  year = {1980},
  pages = {220--233},
  location = {Las Vegas, Nevada}
}

@ARTICLE{budd85:program,
  author = {Timothy A. Budd and Ajei S. Gopal},
  title = {Program Testing by Specification Mutation},
  journal = {Computer Languages},
  year = {1985},
  volume = {10},
  pages = {63--73},
  number = {1},
  address = {Tarrytown, NY, USA},
  doi = {http://dx.doi.org/10.1016/0096-0551(85)90011-6},
  issn = {0096-0551},
  owner = {Administrator},
  publisher = {Pergamon Press, Inc.},
  timestamp = {2008.03.06}
}

@ARTICLE{bush00:static,
  author = {William R. Bush and Jonathan D. Pincus and David J. Sielaff},
  title = {A static analyzer for finding dynamic programming errors},
  journal = {Softw. Pract. Exper.},
  year = {2000},
  volume = {30},
  pages = {775--802},
  number = {7}
}

@INPROCEEDINGS{bussler95:policy,
  author = {C. Bussler and S. Jablonski},
  title = {Policy Resolution for Workflow Management Systems},
  booktitle = {Proc. Hawaii International Conference on System Science},
  year = {1995},
  address = {Maui, Hawaii},
  month = {January}
}

@INPROCEEDINGS{butkevich00:compiler,
  author = {Sergey Butkevich and Marco Renedo and Gerald Baumgartner and Michal
    Young},
  title = {Compiler and tool support for debugging object protocols},
  booktitle = {Proc. 8th ACM SIGSOFT International Symposium on Foundations of Software
    Engineering},
  year = {2000},
  pages = {50--59},
  location = {San Diego, California}
}

@INPROCEEDINGS{buy00:automated,
  author = {Ugo Buy and Alessandro Orso and Mauro Pezze},
  title = {Automated Testing of Classes},
  booktitle = {Proc. International Symposium on Software Testing and Analysis},
  year = {2000},
  pages = {39--48},
  publisher = {ACM Press},
  doi = {http://doi.acm.org/10.1145/347324.348870},
  isbn = {1-58113-266-2},
  location = {Portland, Oregon, United States}
}

@INPROCEEDINGS{calder97:value,
  author = {Brad Calder and Peter Feller and Alan Eustace},
  title = {Value profiling},
  booktitle = {Proc. 30th ACM/IEEE International Symposium on Microarchitecture},
  year = {1997},
  pages = {259--269},
  location = {North Carolina}
}

@INPROCEEDINGS{carver04:general,
  author = {Richard H. Carver and Yu Lei},
  title = {A General Model for Reachability Testing of Concurrent Programs.},
  booktitle = {Proc. 6th International Conference on Formal Engineering Methods},
  year = {2004},
  pages = {76-98},
  month = {November},
  location = {Seattle, WA}
}

@INPROCEEDINGS{catano03:chase,
  author = {N{\'e}stor Cata{\~n}o and Marieke Huisman},
  title = {{CHASE}: A Static Checker for {JML}'s Assignable Clause},
  booktitle = {Proc. 4th International Conference on Verification, Model Checking,
    and Abstract Interpretation},
  year = {2003},
  pages = {26--40}
}

@INPROCEEDINGS{chang99:structural,
  author = {Juei Chang and Debra J. Richardson},
  title = {Structural specification-based testing: automated support and experimental
    evaluation},
  booktitle = {Proc. 7th ESEC/FSE},
  year = {1999},
  pages = {285--302},
  doi = {http://doi.acm.org/10.1145/318773.318948},
  isbn = {3-540-66538-2},
  location = {Toulouse, France}
}

@ARTICLE{chapman82:program,
  author = {David Chapman},
  title = {A program testing assistant},
  journal = {Commun. ACM},
  year = {1982},
  volume = {25},
  pages = {625--634},
  number = {9}
}

@INPROCEEDINGS{chays00:framework,
  author = {David Chays and Saikat Dan and Phyllis G. Frankl and Filippos I.
    Vokolos and Elaine J. Weber},
  title = {A framework for testing database applications},
  booktitle = {Proc. ACM SIGSOFT International Symposium on Software Testing and
    Analysis},
  year = {2000},
  pages = {147--157},
  location = {Portland, Oregon}
}

@ARTICLE{chays04:agenda,
  author = {David Chays and Yuetang Deng and Phyllis G. Frankl and Saikat Dan
    and Filippos I. Vokolos and Elaine J. Weyuker},
  title = {An {AGENDA} for testing relational database applications},
  journal = {Softw. Test., Verif. Reliab.},
  year = {2004},
  volume = {14},
  pages = {17-44},
  number = {1}
}

@ARTICLE{chen98:black,
  author = {Huo Yan Chen and T. H. Tse and F. T. Chan and T. Y. Chen},
  title = {In black and white: an integrated approach to class-level testing
    of object-oriented programs},
  journal = {ACM Trans. Softw. Eng. Methodol.},
  year = {1998},
  volume = {7},
  pages = {250--295},
  number = {3},
  doi = {http://doi.acm.org/10.1145/287000.287004},
  issn = {1049-331X},
  publisher = {ACM Press}
}

@ARTICLE{chen01:taccle,
  author = {Huo Yan Chen and T. H. Tse and T. Y. Chen},
  title = {TACCLE: a methodology for object-oriented software testing at the
    class and cluster levels},
  journal = {ACM Trans. Softw. Eng. Methodol.},
  year = {2001},
  volume = {10},
  pages = {56--109},
  number = {1},
  doi = {http://doi.acm.org/10.1145/366378.366380},
  issn = {1049-331X},
  publisher = {ACM Press}
}

@ARTICLE{chen03:fault,
  author = {Tsong Yueh Chen and T. H. Tse and Z. Quan Zhou},
  title = {Fault-based testing without the need of oracles.},
  journal = {Information {\&} Software Technology},
  year = {2003},
  volume = {45},
  pages = {1-9},
  number = {1}
}

@INPROCEEDINGS{chen94:testtube,
  author = {Yih-Farn Chen and David S. Rosenblum and Kiem-Phong Vo},
  title = {TestTube: a system for selective regression testing},
  booktitle = {Proc. 16th International Conference on Software Engineering},
  year = {1994},
  pages = {211--220}
}

@INPROCEEDINGS{cheon02:simple,
  author = {Yoonsik Cheon and Gary T. Leavens},
  title = {A Simple and Practical Approach to Unit Testing: The {JML} and {JUnit}
    Way},
  booktitle = {Proc. 16th European Conference Object-Oriented Programming},
  year = {2002},
  pages = {231--255},
  month = Jun,
  key = {Cheon \& Leavens}
}

@ARTICLE{choi93:high-performance,
  author = {B. Choi and A. P. Mathur},
  title = {High-performance mutation testing},
  journal = {The Journal of Systems and Software},
  year = {1993},
  volume = {20},
  pages = {135-152},
  owner = {mar99999},
  timestamp = {2006.02.21}
}

@INPROCEEDINGS{claessen00:quickcheck,
  author = {Koen Claessen and John Hughes},
  title = {{QuickCheck}: a lightweight tool for random testing of {H}askell
    programs},
  booktitle = {Proc. 5th ACM SIGPLAN International Conference on Functional Programming},
  year = {2000},
  pages = {268--279},
  location = {Montreal, Canada}
}

@UNPUBLISHED{clark00:junit,
  author = {Mike Clark},
  title = {JUnit Primer},
  note = {Draft manuscript},
  month = {October},
  year = {2000},
  url = {http://www.clarkware.com/articles/JUnitPrimer.html}
}

@INPROCEEDINGS{clark99:type,
  author = {Tony Clark},
  title = {Type Checking {UML} Static Diagrams},
  booktitle = {UML'99 - The Unified Modeling Language. Beyond the Standard. Second
    International Conference, Fort Collins, CO, USA, October 28-30. 1999,
    Proceedings},
  year = {1999},
  editor = {Robert France and Bernhard Rumpe},
  volume = {1723},
  series = {LNCS},
  pages = {503--517},
  publisher = {Springer}
}

@INPROCEEDINGS{clarke93:multi,
  author = {E. Clarke and M. Fujita and P. McGeer and J. Yang and X. Zhao},
  title = {Multi-terminal binary decision diagrams: An efficient data structure
    for matrix representation},
  booktitle = {Proc. International Workshop on Logic Synthesis},
  year = {1993},
  pages = {149--169}
}

@INPROCEEDINGS{clarke03:behavioral,
  author = {Edmund Clarke and Daniel Kroening and Karen Yorav},
  title = {Behavioral consistency of {C} and verilog programs using bounded
    model checking},
  booktitle = {Proc. 40th Conference on Design Automation},
  year = {2003},
  pages = {368--371},
  location = {Anaheim, CA}
}

@BOOK{clarke99:model,
  title = {Model Checking},
  publisher = {The MIT Press, Cambridge, MA},
  year = {1999},
  author = {Edmund M. Clarke and Orna Grumberg and Doron A. Peled},
  isbn = {262032708}
}

@ARTICLE{clarke76:system,
  author = {Lori A. Clarke},
  title = {A system to generate test data and symbolically execute programs},
  journal = {IEEE Trans. Softw. Eng.},
  year = {1976},
  volume = {2},
  pages = {215-222},
  number = {3}
}

@INPROCEEDINGS{cobleigh05:learning,
  author = {Jamieson M. Cobleigh and Dimitra Giannakopoulou and Corina S. Pasareanu},
  title = {Learning Assumptions for Compositional Verification},
  booktitle = {Proc. 9th International Conference on Tools and Algorithms for the
    Construction and Analysis of Systems},
  year = {2003},
  pages = {331--346},
  month = {April},
  location = {Warsaw, Poland}
}

@INPROCEEDINGS{cook99:highly,
  author = {Jonathan E. Cook and Jeffrey A. Dage},
  title = {Highly reliable upgrading of components},
  booktitle = {Proc. the 21st international conference on Software engineering},
  year = {1999},
  pages = {203--212},
  publisher = {IEEE Computer Society Press},
  isbn = {1-58113-074-0},
  location = {Los Angeles, California, United States}
}

@ARTICLE{cook98:discovering,
  author = {Jonathan E. Cook and Alexander L. Wolf},
  title = {Discovering models of software processes from event-based data},
  journal = {ACM Trans. Softw. Eng. Methodol.},
  year = {1998},
  volume = {7},
  pages = {215--249},
  number = {3},
  doi = {http://doi.acm.org/10.1145/287000.287001},
  issn = {1049-331X},
  publisher = {ACM Press}
}

@INPROCEEDINGS{corbett00:bandera,
  author = {James C. Corbett and Matthew B. Dwyer and John Hatcliff and Shawn
    Laubach and Corina S. Pasareanu and Robby and Hongjun Zheng},
  title = {Bandera: extracting finite-state models from Java source code},
  booktitle = {Proc. 22nd International Conference on Software Engineering},
  year = {2000},
  pages = {439--448},
  doi = {http://doi.acm.org/10.1145/337180.337234},
  isbn = {1-58113-206-9},
  location = {Limerick, Ireland}
}

@BOOK{cormen90:algorithms,
  title = {Introduction to Algorithms},
  publisher = {The MIT Press},
  year = {1990},
  author = {T. H. Cormen and C. E. Leiserson and R. L. Rivest},
  address = {Cambridge, MA}
}

@INPROCEEDINGS{csallner05:check,
  author = {Christoph Csallner and Yannis Smaragdakis},
  title = {{Check} 'n' {Crash}: Combining static checking and testing},
  booktitle = {Proc. 27th International Conference on Software Engineering},
  year = {2005},
  pages = {422--431},
  month = {May}
}

@ARTICLE{csallner04:jcrasher,
  author = {Christoph Csallner and Yannis Smaragdakis},
  title = {J{C}rasher: an automatic robustness tester for {J}ava},
  journal = {Software: Practice and Experience},
  year = {2004},
  volume = {34},
  pages = {1025--1050},
  issue = {11}
}

@ARTICLE{cusumano97:how,
  author = {Michael A. Cusumano and Richard W. Selby},
  title = {How {M}icrosoft builds software},
  journal = {Commun. ACM},
  year = {1997},
  volume = {40},
  pages = {53--61},
  number = {6},
  doi = {http://doi.acm.org/10.1145/255656.255698},
  issn = {0001-0782},
  publisher = {ACM Press}
}

@MISC{dahm03:byte,
  author = {Markus Dahm and Jason van Zyl},
  title = {Byte {C}ode {E}ngineering {L}ibrary},
  month = {April},
  year = {2003},
  note = {\url{http://jakarta.apache.org/bcel/}},
  source = {http://jakarta.apache.org/bcel/}
}

@INPROCEEDINGS{dalal99:model,
  author = {S. R. Dalal and A. Jain and N. Karunanithi and J. M. Leaton and C.
    M. Lott and G. C. Patton and B. M. Horowitz},
  title = {Model-based testing in practice},
  booktitle = {Proc. 21st International Conference on Software Engineering},
  year = {1999},
  pages = {285--294},
  location = {Los Angeles, California}
}

@INPROCEEDINGS{damianou01:ponder,
  author = {Nicodemos Damianou and Naranker Dulay and Emil Lupu and Morris Sloman},
  title = {The {Ponder} Policy Specification Language},
  booktitle = {Proc. POLICY},
  year = {2001},
  pages = {18--38}
}

@INPROCEEDINGS{das02:esp,
  author = {Manuvir Das and Sorin Lerner and Mark Seigle},
  title = {{ESP}: path-sensitive program verification in polynomial time},
  booktitle = {Proc. ACM SIGPLAN 2002 Conference on Programming Language Design
    and Implementation},
  year = {2002},
  pages = {57--68},
  location = {Berlin, Germany}
}

@INPROCEEDINGS{deBaud99:systematic,
  author = {Jean-Marc DeBaud and Klaus Schmid},
  title = {A systematic approach to derive the scope of software product lines},
  booktitle = {Proc. the 21st international conference on Software engineering},
  year = {1999},
  pages = {34--43},
  publisher = {IEEE Computer Society Press},
  isbn = {1-58113-074-0},
  location = {Los Angeles, California, United States}
}

@INPROCEEDINGS{dekel03:revealing,
  author = {Uri Dekel and Yossi Gil},
  title = {Revealing Class Structure with Concept Lattices},
  booktitle = {Proc. 10th IEEE Working Conference on Reverse Engineering},
  year = {2003},
  pages = {353--365}
}

@INPROCEEDINGS{deline01:enforcing,
  author = {Robert DeLine and Manuel Fahndrich},
  title = {Enforcing high-level protocols in low-level software},
  booktitle = {Proc. ACM SIGPLAN 2001 Conference on Programming Language Design
    and Implementation},
  year = {2001},
  pages = {59--69},
  location = {Snowbird, Utah}
}

@ARTICLE{deMartini99:deadlock,
  author = {Claudio DeMartini and Radu Iosif and Riccardo Sisto},
  title = {A deadlock detection tool for concurrent {Java} programs},
  journal = {Softw. Pract. Exper.},
  year = {1999},
  volume = {29},
  pages = {577--603},
  number = {7}
}

@ARTICLE{demillo78:hints,
  author = {Richard A. DeMillo and Richard J. Lipton and Frederick G. Sayward},
  title = {Hints on Test Data Selection: Help for the Practicing Programmer},
  journal = {IEEE Computer},
  year = {1978},
  volume = {11},
  pages = {34--41},
  number = {4},
  month = {April}
}

@ARTICLE{deMillo91:constraint,
  author = {Richard A. DeMillo and A. Jefferson Offutt},
  title = {Constraint-Based Automatic Test Data Generation},
  journal = {IEEE Trans. Softw. Eng.},
  year = {1991},
  volume = {17},
  pages = {900--910},
  number = {9}
}

@TECHREPORT{detlefs03:simplify,
  author = {David Detlefs and Greg Nelson and James B. Saxe},
  title = {Simplify: a theorem prover for program checking},
  institution = {HP Laboratories},
  year = {2003},
  number = {HPL-2003-148},
  address = {Palo Alto, CA},
  month = {July}
}

@INPROCEEDINGS{dick93:automating,
  author = {Jeremy Dick and Alain Faivre},
  title = {Automating the Generation and Sequencing of Test Cases from Model-Based
    Specifications},
  booktitle = {Proc. 1st International Symposium of Formal Methods Europe on Industrial-Strength
    Formal Methods},
  year = {1993},
  pages = {268--284},
  address = {London, UK}
}

@INPROCEEDINGS{381509,
  author = {William Dickinson and David Leon and Andy Podgurski},
  title = {Finding failures by cluster analysis of execution profiles},
  booktitle = {ICSE '01: Proceedings of the 23rd International Conference on Software
    Engineering},
  year = {2001},
  pages = {339--348},
  publisher = {IEEE Computer Society},
  isbn = {0-7695-1050-7},
  location = {Toronto, Ontario, Canada}
}

@INPROCEEDINGS{503243,
  author = {William Dickinson and David Leon and Andy Podgurski},
  title = {Pursuing failure: the distribution of program failures in a profile
    space},
  booktitle = {ESEC/FSE-9: Proceedings of the 8th European software engineering
    conference held jointly with 9th ACM SIGSOFT international symposium
    on Foundations of software engineering},
  year = {2001},
  pages = {246--255},
  publisher = {ACM Press},
  doi = {http://doi.acm.org/10.1145/503209.503243},
  isbn = {1-58113-390-1},
  location = {Vienna, Austria}
}

@INPROCEEDINGS{dickinson01:finding,
  author = {William Dickinson and David Leon and Andy Podgurski},
  title = {Finding failures by cluster analysis of execution profiles},
  booktitle = {Proc. 23rd International Conference on Software Engineering},
  year = {2001},
  pages = {339--348},
  isbn = {0-7695-1050-7},
  location = {Toronto, Ontario, Canada}
}

@INPROCEEDINGS{dickinson01:pursuing,
  author = {William Dickinson and David Leon and Andy Podgurski},
  title = {Pursuing failure: the distribution of program failures in a profile
    space},
  booktitle = {Proc. 8th ESEC/FSE},
  year = {2001},
  pages = {246--255},
  doi = {http://doi.acm.org/10.1145/503209.503243},
  isbn = {1-58113-390-1},
  location = {Vienna, Austria}
}

@INPROCEEDINGS{dillon96:generating,
  author = {L. K. Dillon and Y. S. Ramakrishna},
  title = {Generating oracles from your favorite temporal logic specifications},
  booktitle = {Proc. 4th ACM SIGSOFT Symposium on Foundations of Software Engineering},
  year = {1996},
  pages = {106--117},
  location = {San Francisco, California, United States}
}

@INPROCEEDINGS{Do04:empirical,
  author = {Hyunsook Do and Gregg Rothermel and Alex Kinneer},
  title = {Empirical Studies of Test Case Prioritization in a {JUnit} Testing
    Environment.},
  booktitle = {Proc. 15th International Symposium on Software Reliability Engineering},
  year = {2004},
  pages = {113-124}
}

@UNPUBLISHED{Dodoo02:selecting,
  author = {Nii Dodoo and Alan Donovan and Lee Lin and Michael D. Ernst},
  title = {Selecting predicates for implications in program analysis},
  note = {Draft},
  month = {March},
  year = {2002},
  url = {http://pag.lcs.mit.edu/~mernst/pubs/invariants-implications.ps}
}

@ARTICLE{doong94:astoot,
  author = {Roong-Ko Doong and Phyllis G. Frankl},
  title = {The {ASTOOT} approach to testing object-oriented programs},
  journal = {ACM Trans. Softw. Eng. Methodol.},
  year = {1994},
  volume = {3},
  pages = {101--130},
  number = {2},
  doi = {http://doi.acm.org/10.1145/192218.192221},
  issn = {1049-331X},
  publisher = {ACM Press}
}

@INPROCEEDINGS{dwyer99:patterns,
  author = {Matthew B. Dwyer and George S. Avrunin and James C. Corbett},
  title = {Patterns in property specifications for finite-state verification},
  booktitle = {Proc. 21st International Conference on Software Engineering},
  year = {1999},
  pages = {411--420},
  isbn = {1-58113-074-0},
  location = {Los Angeles, California, United States}
}

@INPROCEEDINGS{dwyer01:tool,
  author = {Matthew B. Dwyer and John Hatcliff and Roby Joehanes and Shawn Laubach
    and Corina S. Pasareanu and Hongjun Zheng and Willem Visser},
  title = {Tool-supported program abstraction for finite-state verification},
  booktitle = {Proc. the 23rd International Conference on Software Engineering},
  year = {2001},
  pages = {177--187},
  isbn = {0-7695-1050-7},
  location = {Toronto, Ontario, Canada}
}

@ARTICLE{edwards00:black,
  author = {Stephen H. Edwards},
  title = {Black-box testing using flowgraphs: an experimental assessment of
    effectiveness and automation potential},
  journal = {Software Testing, Verification and Reliability},
  year = {2000},
  volume = {10},
  pages = {249-262},
  number = {4}
}

@INPROCEEDINGS{egyed06:instant,
  author = {Alexander Egyed},
  title = {Instant consistency checking for the {UML}},
  booktitle = {Proc. 28th International Conference on Software Engineering},
  year = {2006},
  pages = {381--390}
}

@INPROCEEDINGS{elbaum01:incorporating,
  author = {Sebastian Elbaum and Alexey Malishevsky and Gregg Rothermel},
  title = {Incorporating varying test costs and fault severities into test case
    prioritization},
  booktitle = {Proc. the 23rd international conference on Software engineering},
  year = {2001},
  pages = {329--338},
  publisher = {IEEE Computer Society},
  isbn = {0-7695-1050-7},
  location = {Toronto, Ontario, Canada}
}

@ARTICLE{elbaum02:test,
  author = {Sebastian Elbaum and Alexey G. Malishevsky and Gregg Rothermel},
  title = {Test Case Prioritization: A Family of Empirical Studies},
  journal = {IEEE Trans. Softw. Eng.},
  year = {2002},
  volume = {28},
  pages = {159--182},
  number = {2},
  doi = {http://dx.doi.org/10.1109/32.988497},
  issn = {0098-5589},
  publisher = {IEEE Press}
}

@INPROCEEDINGS{engels97:test,
  author = {Andre Engels and Loe M. G. Feijs and Sjouke Mauw},
  title = {Test Generation for Intelligent Networks Using Model Checking},
  booktitle = {Proc. 3rd International Workshop on Tools and Algorithms for Construction
    and Analysis of Systems},
  year = {1997},
  pages = {384--398}
}

@INPROCEEDINGS{engler01:bugs,
  author = {Dawson Engler and David Yu Chen and Seth Hallem and Andy Chou and
    Benjamin Chelf},
  title = {Bugs as deviant behavior: a general approach to inferring errors
    in systems code},
  booktitle = {Proc. 18th ACM symposium on Operating Systems Principles},
  year = {2001},
  pages = {57--72},
  doi = {http://doi.acm.org/10.1145/502034.502041},
  isbn = {1-58113-389-8},
  location = {Banff, Alberta, Canada}
}

@INPROCEEDINGS{ernst03:static,
  author = {Michael D. Ernst},
  title = {Static and dynamic analysis: Synergy and duality},
  booktitle = {Proc. ICSE Workshop on Dynamic Analysis},
  year = {2003},
  pages = {24--27},
  month = {May}
}

@PHDTHESIS{ernst00:dynamically,
  author = {Michael D. Ernst},
  title = {Dynamically Discovering Likely Program Invariants},
  school = {University of Washington Department of Computer Science and Engineering},
  year = {2000},
  type = {{Ph.D.}},
  address = {Seattle, Washington},
  month = {August}
}

@ARTICLE{ernst01:dynamically,
  author = {Michael D. Ernst and Jake Cockrell and William G. Griswold and David
    Notkin},
  title = {Dynamically Discovering Likely Program Invariants to Support Program
    Evolution},
  journal = {IEEE Trans. Softw. Eng.},
  year = {2001},
  volume = {27},
  pages = {99--123},
  number = {2},
  doi = {http://dx.doi.org/10.1109/32.908957},
  issn = {0098-5589},
  publisher = {IEEE Press}
}

@ARTICLE{findler02:drscheme,
  author = {Robert Bruce Findler and John Clements and Cormac Flanagan, Matthew
    Flatt and Shriram Krishnamurthi and Paul Steckler and Matthias Felleisen},
  title = {{DrScheme: A Progamming Environment for Scheme}},
  journal = {Journal of Functional Programming},
  year = {2002},
  volume = {12},
  pages = {159--182},
  number = {2},
  month = {March},
  url = {citeseer.ist.psu.edu/findler01drscheme.html}
}

@INPROCEEDINGS{fisler05:verification,
  author = {Kathi Fisler and Shriram Krishnamurthi and Leo A. Meyerovich and
    Michael Carl Tschantz},
  title = {Verification and change-impact analysis of access-control policies},
  booktitle = {Proc. ICSE},
  year = {2005},
  pages = {196--205},
  location = {St. Louis, MO}
}

@INPROCEEDINGS{flanagan01:houdini,
  author = {Cormac Flanagan and K. Rustan M. Leino},
  title = {Houdini, an Annotation Assistant for {ESC}/{Java}},
  booktitle = {Proc. International Symposium of Formal Methods Europe},
  year = {2001},
  pages = {500--517},
  address = {London, UK}
}

@INPROCEEDINGS{flanagan02:extended,
  author = {Cormac Flanagan and K. Rustan M. Leino and Mark Lillibridge and Greg
    Nelson and James B. Saxe and Raymie Stata},
  title = {Extended static checking for Java},
  booktitle = {Proc. the ACM SIGPLAN 2002 Conference on Programming language design
    and implementation},
  year = {2002},
  pages = {234--245},
  publisher = {ACM Press},
  doi = {http://doi.acm.org/10.1145/512529.512558},
  isbn = {1-58113-463-0},
  location = {Berlin, Germany}
}

@INPROCEEDINGS{fleyshgakker94:efficient,
  author = {V. N. Fleyshgakker and s. N. Weiss},
  title = {Efficient Mutation Analysis: A New Approach},
  booktitle = {Proceedings of the International Symposium on Software Testing and
    Analysis},
  year = {1994},
  owner = {mar99999},
  timestamp = {2006.02.21}
}

@UNPUBLISHED{AsmL,
  author = {{Foundations of Software Engineering at Microsoft Research}},
  title = {Abstract state machine Language},
  note = {\url{http://research.microsoft.com/fse/AsmL}}
}

@UNPUBLISHED{AsmLT,
  author = {{Foundations of Software Engineering at Microsoft Research}},
  title = {The {AsmL} Test Generator tool},
  note = {\url{http://research.microsoft.com/fse/asml/doc/AsmLTester.html}}
}

@BOOK{fowler99:refactoring,
  title = {Refactoring: Improving the Design of Existing Code},
  publisher = {Addison Wesley},
  year = {1999},
  author = {Martin Fowler}
}

@ARTICLE{frankl93:experimental,
  author = {Phyllis G. Frankl and Stewart N. Weiss},
  title = {An Experimental Comparison of the Effectiveness of Branch Testing
    and Data Flow Testing},
  journal = {IEEE Transactions on Software Engineering},
  year = {1993},
  volume = {19},
  pages = {774--787},
  number = {8},
  month = {August}
}

@ARTICLE{fredkin60:trie,
  author = {Edward Fredkin},
  title = {Trie memory},
  journal = {Commun. ACM},
  year = {1960},
  volume = {3},
  pages = {490--499},
  number = {9},
  doi = {http://doi.acm.org/10.1145/367390.367400},
  issn = {0001-0782},
  publisher = {ACM Press}
}

@UNPUBLISHED{gallagher02:integration,
  author = {Len Gallagher and Jeff Offutt},
  title = {Integration Testing of Object-oriented Components Using Finite State
    Machines},
  note = {Draft under review},
  month = {March},
  year = {2002},
  url = {http://www.isse.gmu.edu/faculty/ofut/rsrch/abstracts/oocomptest.html}
}

@MISC{junit03,
  author = {Erich Gamma and Kent Beck},
  title = {{JU}nit},
  year = {2003},
  note = {\url{http://www.junit.org}},
  keywords = {testing}
}

@ARTICLE{gannon81:data,
  author = {John Gannon and Paul McMullin and Richard Hamlet},
  title = {Data Abstraction, Implementation, Specification, and Testing},
  journal = {ACM Trans. Program. Lang. Syst.},
  year = {1981},
  volume = {3},
  pages = {211--223},
  number = {3},
  doi = {http://doi.acm.org/10.1145/357139.357140},
  issn = {0164-0925},
  publisher = {ACM Press}
}

@ARTICLE{gansner00:open,
  author = {Emden R. Gansner and Stephen C. North},
  title = {An open graph visualization system and its applications to software
    engineering},
  journal = {Software: Practice and Experience},
  year = {2000},
  volume = {30},
  pages = {1203--1233},
  number = {11},
  month = {Sept.}
}

@INPROCEEDINGS{gargantini99:using,
  author = {Angelo Gargantini and Constance Heitmeyer},
  title = {Using model checking to generate tests from requirements specifications},
  booktitle = {Proc. 7th European Software Engineering Conference held jointly with
    the 7th ACM SIGSOFT International Symposium on Foundations of Software
    Engineering},
  year = {1999},
  pages = {146--162},
  location = {Toulouse, France}
}

@ARTICLE{geist92:estimation,
  author = {Robert Geist and A. Jefferson Offutt and Frederick Harris},
  title = {Estimation and Enhancement of Real-Time Software Reliability Through
    Mutation Analysis},
  journal = {IEEE Transactions on Computers},
  year = {1992},
  volume = {41},
  pages = {55-558},
  number = {5},
  url = {citeseer.ist.psu.edu/geist92estimation.html}
}

@INPROCEEDINGS{geppert04:towards,
  author = {Birgit Geppert and Jenny Li and Frank R{\"o}{\ss}ler and David M.
    Weiss},
  title = {Towards Generating Acceptance Tests for Product Lines},
  booktitle = {Proc. International Conference on Software Reuse},
  year = {2004},
  pages = {35-48},
  month = {July},
  location = {Madrid, Spain}
}

@INPROCEEDINGS{giannakopoulou02:assumption,
  author = {Dimitra Giannakopoulou and Corina S. Pasareanu and Howard Barringer},
  title = {Assumption Generation for Software Component Verification},
  booktitle = {Proc. 17th IEEE International Conference on Automated Software Engineering},
  year = {2002},
  pages = {3--12},
  address = {Washington, DC}
}

@CONFERENCE{girgis85:integrated,
  author = {M. R. Girgis and M. R. Woddward},
  title = {An integrated system for program testing using weak mutation and
    data flow analysis},
  booktitle = {Proceedings of the 8th International Conference on Software Engineering},
  year = {1985},
  owner = {mar99999},
  timestamp = {2006.02.21}
}

@UNPUBLISHED{gnu02:diff,
  author = {{GNU}},
  title = {{GNU} Diffutils},
  note = {\url{http://www.gnu.org/software/diffutils/}},
  year = {2002}
}

@INPROCEEDINGS{godefroid97:model,
  author = {Patrice Godefroid},
  title = {Model checking for programming languages using {V}eriSoft},
  booktitle = {Proc. 24th ACM SIGPLAN-SIGACT Symposium on Principles of Programming
    Languages},
  year = {1997},
  pages = {174--186}
}

@INPROCEEDINGS{godefroid02:exploring,
  author = {Patrice Godefroid and Sarfraz Khurshid},
  title = {Exploring Very Large State Spaces Using Genetic Algorithms},
  booktitle = {Proc. 8th International Conference on Tools and Algorithms for the
    Construction and Analysis of Systems},
  year = {2002},
  pages = {266--280},
  address = {London, UK}
}

@INPROCEEDINGS{godefroid05:dart,
  author = {Patrice Godefroid and Nils Klarlund and Koushik Sen},
  title = {{DART}: Directed Automated Random Testing},
  booktitle = {Proc. ACM SIGPLAN 2005 Conference on Programming Language Design
    and Implementation},
  year = {2005},
  pages = {213--223},
  location = {Chicago, Illinois}
}

@MISC{godfrey03:axioms,
  author = {Michael Godfrey and Jo Anne Atlee and Daniel Berry},
  title = {Algebraic Abstract Data Types class note},
  howpublished = {Online course materials},
  year = {2003},
  note = {\url{http://www.student.cs.uwaterloo.ca/~cs445/handouts/lectureSlides/W03/}}
}

@INPROCEEDINGS{goldsmith04:light,
  author = {Simon Goldsmith and Robert O'Callahan and Alex Aiken},
  title = {Relational Queries Over Program Traces},
  booktitle = {Proc. ACM SIGPLAN Conference on Object-Oriented Programming, Systems,
    Languages, and Applications},
  year = {2005},
  month = {October},
  location = {San Diego, California}
}

@ARTICLE{goodenough75:toward,
  author = {John B. Goodenough and Susan L. Gerhart},
  title = {Toward a Theory of Test Data Selection},
  journal = {IEEE Trans. Software Eng.},
  year = {1975},
  volume = {1},
  pages = {156-173},
  number = {2}
}

@INPROCEEDINGS{gotlieb03:exploiting,
  author = {Arnaud Gotlieb},
  title = {Exploiting Symmetries to Test Programs},
  booktitle = {Proc. 14th IEEE International Symposium on Software Reliability Engineering},
  year = {2003},
  address = {Denver, Colorado},
  month = {November}
}

@INPROCEEDINGS{gotlieb98:automatic,
  author = {Arnaud Gotlieb and Bernard Botella and Michel Rueher},
  title = {Automatic test data generation using constraint solving techniques},
  booktitle = {Proc. 1998 ACM SIGSOFT International Symposium on Software Testing
    and Analysis},
  year = {1998},
  pages = {53--62},
  location = {Clearwater Beach, Florida}
}

@INPROCEEDINGS{graf97:construction,
  author = {Susanne Graf and Hassen Saidi},
  title = {Construction of Abstract State Graphs with {PVS}},
  booktitle = {Proc. 9th International Conference on Computer Aided Verification},
  year = {1997},
  pages = {72--83}
}

@ARTICLE{graves01:empirical,
  author = {Todd L. Graves and Mary Jean Harrold and Jung-Min Kim and Adam Porter
    and Gregg Rothermel},
  title = {An empirical study of regression test selection techniques},
  journal = {ACM Trans. Softw. Eng. Methodol.},
  year = {2001},
  volume = {10},
  pages = {184--208},
  number = {2}
}

@ARTICLE{graves00:predicting,
  author = {Todd L. Graves and Alan F. Karr and J. S. Marron and Harvey Siy},
  title = {Predicting Fault Incidence Using Software Change History},
  journal = {IEEE Trans. Softw. Eng.},
  year = {2000},
  volume = {26},
  pages = {653--661},
  number = {7},
  doi = {http://dx.doi.org/10.1109/32.859533},
  issn = {0098-5589},
  publisher = {IEEE Press}
}

@TECHREPORT{greenberg05:soundness,
  author = {Michael Matthew Greenberg and Casey Marks and Leo Alexander Meyerovich
    and Michael Carl Tschantz},
  title = {The Soundness and Completeness of {Margrave} with Respect to a Subset
    of {XACML}},
  institution = {Department of Computer Science, Brown University},
  year = {2005},
  type = {Technical Report},
  number = {CS-05-05}
}

@BOOK{gries87:science,
  title = {The Science of Programming},
  publisher = {Springer-Verlag},
  year = {1987},
  author = {David Gries},
  address = {Secaucus, NJ, USA}
}

@INPROCEEDINGS{grieskamp02:generating,
  author = {Wolfgang Grieskamp and Yuri Gurevich and Wolfram Schulte and Margus
    Veanes},
  title = {Generating finite state machines from abstract state machines},
  booktitle = {Proc. International Symposium on Software Testing and Analysis},
  year = {2002},
  pages = {112--122},
  doi = {http://doi.acm.org/10.1145/566172.566190},
  isbn = {1-58113-562-9},
  location = {Roma, Italy}
}

@ARTICLE{griffiths76:authorization,
  author = {P.P. Griffiths and B.W. Wade},
  title = {An Authorization Mechanism for a relational database systems},
  journal = {ACM Transactions on Database Systems},
  year = {1976},
  volume = {1},
  number = {3}
}

@ARTICLE{griswold93:autoamted,
  author = {William G. Griswold and David Notkin},
  title = {Automated assistance for program restructuring},
  journal = {ACM Trans. Softw. Eng. Methodol.},
  year = {1993},
  volume = {2},
  pages = {228--269},
  number = {3},
  doi = {http://doi.acm.org/10.1145/152388.152389},
  issn = {1049-331X},
  publisher = {ACM Press}
}

@INPROCEEDINGS{groce02:adaptive,
  author = {Alex Groce and Doron Peled and Mihalis Yannakakis},
  title = {Adaptive Model Checking},
  booktitle = {Proc. International Conference on Tools and Algorithms for the Construction
    and Analysis of Systems},
  year = {2002},
  pages = {357--370},
  month = {April},
  location = {Grenoble, France}
}

@INPROCEEDINGS{groce02:model,
  author = {Alex Groce and Willem Visser},
  title = {Model checking {J}ava programs using structural heuristics},
  booktitle = {Proc. 2002 ACM SIGSOFT International Symposium on Software Testing
    and Analysis},
  year = {2002},
  pages = {12--21},
  location = {Roma, Italy}
}

@INPROCEEDINGS{gupta03:generating,
  author = {Neelam Gupta},
  title = {Generating Test Data for Dynamically Discovering Likely Program Invariants},
  booktitle = {Proc. ICSE 2003 Workshop on Dynamic Analysis},
  year = {2003},
  pages = {21--24},
  month = {May},
  location = {Portland, Oregon}
}

@INPROCEEDINGS{gupta03:new,
  author = {Neelam Gupta and Zachary V. Heidepriem},
  title = {A New Structural Coverage Criteria for Dynamic Detection of Program
    Invariants},
  booktitle = {Proc. 18th IEEE International Conference on Automated Software Engineering},
  year = {2003},
  pages = {49--58},
  publisher = {IEEE Computer Society},
  location = {Montreal, Canada}
}

@INPROCEEDINGS{gupta98:automated,
  author = {Neelam Gupta and Aditya P. Mathur and Mary Lou Soffa},
  title = {Automated test data generation using an iterative relaxation method},
  booktitle = {Proc. 6th ACM SIGSOFT International Symposium on Foundations of Software
    Engineering},
  year = {1998},
  pages = {231--244},
  doi = {http://doi.acm.org/10.1145/288195.288321},
  isbn = {1-58113-108-9},
  location = {Lake Buena Vista, Florida, United States}
}

@ARTICLE{guttag78:algebraic,
  author = {John V. Guttag and James J. Horning},
  title = {The Algebraic Specification of Abstract Data Types},
  journal = {Acta Informatica},
  year = {1978},
  volume = {10},
  pages = {27--52}
}

@INPROCEEDINGS{halfond05:combining,
  author = {William G.J. Halfond and Alessandro Orso},
  title = {{Combining Static Analysis and Runtime Monitoring to Counter SQL-Injection
    Attacks}},
  booktitle = {Proc. 3rd International ICSE Workshop on Dynamic Analysis},
  year = {2005},
  address = {St. Louis, MO},
  month = {May},
  note = {\url{http://www.csd.uwo.ca/woda2005/proceedings.html}}
}

@ARTICLE{hamlet87:probable,
  author = {Richard G. Hamlet},
  title = {Probable correctness theory},
  journal = {Inf. Process. Lett.},
  year = {1987},
  volume = {25},
  pages = {17--25},
  number = {1}
}

@ARTICLE{hamlet77:testing,
  author = {Richard G. Hamlet},
  title = {Testing Programs with the Aid of a Compiler},
  journal = {IEEE Trans. Softw. Eng.},
  year = {1977},
  volume = {3},
  pages = {279-290},
  number = {4}
}

@INPROCEEDINGS{hangal02:tracking,
  author = {Sudheendra Hangal and Monica S. Lam},
  title = {Tracking down software bugs using automatic anomaly detection},
  booktitle = {Proc. 24th International Conference on Software Engineering},
  year = {2002},
  pages = {291--301},
  doi = {http://doi.acm.org/10.1145/581339.581377},
  isbn = {1-58113-472-X},
  location = {Orlando, Florida}
}

@INPROCEEDINGS{harder03:improving,
  author = {Michael Harder and Jeff Mellen and Michael D. Ernst},
  title = {Improving test suites via operational abstraction},
  booktitle = {Proc. 25th International Conference on Software Engineering},
  year = {2003},
  pages = {60--71},
  isbn = {0-7695-1877-X},
  location = {Portland, Oregon}
}

@ARTICLE{harrold93:methodology,
  author = {Mary Jean Harrold and Rajiv Gupta and Mary Lou Soffa},
  title = {A methodology for controlling the size of a test suite},
  journal = {ACM Trans. Softw. Eng. Methodol.},
  year = {1993},
  volume = {2},
  pages = {270--285},
  number = {3},
  issn = {1049-331X}
}

@INPROCEEDINGS{harrold01:regression,
  author = {Mary Jean Harrold and James A. Jones and Tongyu Li and Donglin Liang
    and Alessandro Orso and Maikel Pennings and Saurabh Sinha and S.
    Alexander Spoon and Ashish Gujarathi},
  title = {Regression test selection for {Java} software},
  booktitle = {Proc. 16th ACM SIGPLAN Conference on Object Oriented Programming,
    Systems, Languages, and Applications},
  year = {2001},
  pages = {312--326},
  location = {Tampa Bay, FL}
}

@ARTICLE{harrold01:empirical,
  author = {Mary Jean Harrold and David Rosenblum and Gregg Rothermel and Elaine
    Weyuker},
  title = {Empirical Studies of a Prediction Model for Regression Test Selection},
  journal = {IEEE Trans. Softw. Eng.},
  year = {2001},
  volume = {27},
  pages = {248--263},
  number = {3},
  doi = {http://dx.doi.org/10.1109/32.910860},
  issn = {0098-5589},
  publisher = {IEEE Press}
}

@INPROCEEDINGS{harrold94:performing,
  author = {Mary Jean Harrold and Gregg Rothermel},
  title = {Performing data flow testing on classes},
  booktitle = {Proc. the 2nd ACM SIGSOFT symposium on Foundations of software engineering},
  year = {1994},
  pages = {154--163},
  publisher = {ACM Press},
  doi = {http://doi.acm.org/10.1145/193173.195402},
  isbn = {0-89791-691-3},
  location = {New Orleans, Louisiana, United States}
}

@ARTICLE{harrold00:empirical,
  author = {Mary Jean Harrold and Gregg Rothermel and Kent Sayre and Rui Wu and
    Liu Yi},
  title = {An Empirical Investigation of the Relationship Between Spectra Differences
    and Regression Faults},
  journal = {Journal of Software Testing, Verification and Reliability},
  year = {2000},
  volume = {10},
  pages = {171--194},
  number = {3}
}

@INPROCEEDINGS{heimdahl04:test,
  author = {Mats P.E. Heimdahl and George Devaraj},
  title = {Test-suite Reduction for Model Based Tests: Effects on test quality
    and Implications for Testing},
  booktitle = {Proc. 19th IEEE International Conference on Automated Software Engineering},
  year = {2004},
  pages = {176--185},
  address = {Linz, Austria},
  month = {September}
}

@INPROCEEDINGS{heimdahl02:deviation,
  author = {Mats P. E. Heimdahl and Yunja Choi and Mike Whalen},
  title = {Deviation Analysis Through Model Checking},
  booktitle = {ASE '02: Proceedings of the 17 th IEEE International Conference on
    Automated Software Engineering (ASE'02)},
  year = {2002},
  pages = {37},
  publisher = {IEEE Computer Society},
  isbn = {0-7695-1736-6}
}

@BOOK{heineman00:component,
  title = {Component Based Software Engineering: Putting the Pieces Together},
  publisher = {Addison-Wesley},
  year = {2001},
  author = {George T. Heineman and William T. Councill}
}

@TECHREPORT{henkel04:case,
  author = {Johannes Henkel and Amer Diwan},
  title = {Case Study: Debugging a Discovered Specification for java.util.{A}rray{L}ist
    by Using Algebraic Interpretation},
  institution = {University of Colorado at Boulder},
  year = {2004},
  number = {CU-CS-970-04}
}

@INPROCEEDINGS{henkel04:tool,
  author = {Johannes Henkel and Amer Diwan},
  title = {A Tool for Writing and Debugging Algebraic Specifications},
  booktitle = {Proc. 26th International Conference on Software Engineering},
  year = {2004},
  pages = {449--458}
}

@INPROCEEDINGS{henkel03:discovering,
  author = {Johannes Henkel And Amer Diwan},
  title = {Discovering Algebraic Specifications from {Java} Classes},
  booktitle = {Proc. 17th European Conference on Object-Oriented Programming},
  year = {2003},
  pages = {431--456}
}

@INPROCEEDINGS{hennessy05:analysis,
  author = {Mark Hennessy and James F. Power},
  title = {An Analysis of Rule Coverage as a Criterion in Generating Minimal
    Test Suites for Grammar-Based Software},
  booktitle = {Proc. 20th IEEE/ACM International Conference on Automated Software
    Engineering},
  year = {2005},
  pages = {104--113},
  month = {November},
  location = {Long Beach, CA}
}

@INPROCEEDINGS{henzinger2003:software,
  author = {Thomas A. Henzinger and Ranjit Jhala and Rupak Majumdar and Gregoire
    Sutre},
  title = {Software Verification with {BLAST}},
  booktitle = {Proc. 10th SPIN Workshop on Software Model Checking},
  year = {2003},
  pages = {235--239}
}

@INPROCEEDINGS{henzinger02:lazy,
  author = {Thomas A. Henzinger and Ranjit Jhala and Rupak Majumdar and Gr\&\#233;goire
    Sutre},
  title = {Lazy abstraction},
  booktitle = {Proc. 29th ACM SIGPLAN-SIGACT Symposium on Principles of Programming
    Languages},
  year = {2002},
  pages = {58--70},
  location = {Portland, Oregon}
}

@BOOK{hetzel84:complete,
  title = {The complete guide to software testing (2nd ed.)},
  publisher = {Collins},
  year = {1984},
  author = {Bill Hetzel}
}

@INPROCEEDINGS{hildebrandt00:simplifying,
  author = {Ralf Hildebrandt and Andreas Zeller},
  title = {Simplifying failure-inducing input},
  booktitle = {Proc. the International Symposium on Software Testing and Analysis},
  year = {2000},
  pages = {135--145},
  publisher = {ACM Press},
  doi = {http://doi.acm.org/10.1145/347324.348938},
  isbn = {1-58113-266-2},
  location = {Portland, Oregon, United States}
}

@INPROCEEDINGS{hilsdale04:advice,
  author = {Erik Hilsdale and Jim Hugunin},
  title = {Advice weaving in {A}spect{J}},
  booktitle = {Proc. 3rd International Conference on Aspect-Oriented Software Development},
  year = {2004},
  pages = {26--35},
  doi = {http://doi.acm.org/10.1145/976270.976276},
  isbn = {1-58113-842-3},
  location = {Lancaster, UK}
}

@ARTICLE{hoare69:axiomatic,
  author = {C. A. R. Hoare},
  title = {An axiomatic basis for computer programming},
  journal = {Commun. ACM},
  year = {1969},
  volume = {12},
  pages = {576--580},
  number = {10},
  doi = {http://doi.acm.org/10.1145/363235.363259},
  issn = {0001-0782},
  publisher = {ACM Press}
}

@MISC{hoffman98:taxonomy,
  author = {Douglas Hoffman},
  title = {A Taxonomy for Test Oracles},
  howpublished = {Tutorial at 11th International Software Quality Week},
  year = {1998},
  url = {http://softwarequalitymethods.com/SQM/Papers/ATaxonomyPaper.pdf}
}

@BOOK{hoglund04:exploiting,
  title = {Exploiting Software},
  publisher = {Addison-Wesley},
  year = {2004},
  author = {Greg Hoglund and Gary McGraw}
}

@INPROCEEDINGS{holzmann97:state,
  author = {Gerard Holzmann},
  title = {State Compression in {Spin}},
  booktitle = {Proc. 3rd Spin Workshop},
  year = {1997},
  address = {Twente University, The Netherlands},
  month = {April}
}

@INPROCEEDINGS{hong95:testing,
  author = {Hyoung Seok Hong and Yong Rae Kwon and Sung Deok Cha},
  title = {Testing of Object-Oriented Programs Based on Finite State Machines},
  booktitle = {Proc. the 2nd Asia-Pacific Software Engineering Conference},
  year = {1995},
  pages = {234--241},
  isbn = {0-8186-4600-4}
}

@TECHREPORT{horgan90:weak,
  author = {J. R. Horgan and A. P. Mathur},
  title = {Weak mutation is probably strong mutation},
  institution = {Software Engineering Research Center - Purdue University},
  year = {1990},
  number = {SERC-TR-83-P},
  month = {December},
  owner = {mar99999},
  timestamp = {2006.02.21}
}

@INPROCEEDINGS{horwitz02:tool,
  author = {Susan B. Horwitz},
  title = {Tool support for improving test coverage},
  booktitle = {Proc. 11th European Symposium on Programming},
  year = {2002},
  pages = {162--177},
  address = {Grenoble, France},
  month = {April}
}

@ARTICLE{howden82:weak,
  author = {William E. Howden},
  title = {Weak mutation testing and completeness of test sets},
  journal = {IEEE Transactions on Software Engineering},
  year = {1982},
  volume = {8},
  pages = {371--379},
  number = {4},
  month = {July},
  publisher = {IEEE Press}
}

@ARTICLE{huang75:approach,
  author = {J. C. Huang},
  title = {An Approach to Program Testing},
  journal = {ACM Comput. Surv.},
  year = {1975},
  volume = {7},
  pages = {113--128},
  number = {3}
}

@INPROCEEDINGS{huang03:web,
  author = {Yao-Wen Huang and Shih-Kun Huang and Tsung-Po Lin and Chung-Hung
    Tsai},
  title = {Web application security assessment by fault injection and behavior
    monitoring},
  booktitle = {Proc. 12th International Conference on World Wide Web},
  year = {2003},
  pages = {148--159},
  location = {Budapest, Hungary}
}

@INPROCEEDINGS{huang04:securing,
  author = {Yao-Wen Huang and Fang Yu and Christian Hang and Chung-Hung Tsai
    and Der-Tsai Lee and Sy-Yen Kuo},
  title = {Securing web application code by static analysis and runtime protection},
  booktitle = {Proc. 13th International Conference on World Wide Web},
  year = {2004},
  pages = {40--52},
  location = {New York, NY}
}

@TECHREPORT{hughes04:automated,
  author = {Graham Hughes and Tevfik Bultan},
  title = {Automated Verification of Access Control Policies},
  institution = {Department of Computer Science, University of California, Santa Barbara},
  year = {2004},
  type = {Technical Report},
  number = {2004-22}
}

@INPROCEEDINGS{hughes96:datistish,
  author = {Merlin Hughes and David Stotts},
  title = {Daistish: systematic algebraic testing for OO programs in the presence
    of side-effects},
  booktitle = {Proc. International Symposium on Software Testing and Analysis},
  year = {1996},
  pages = {53--61},
  doi = {http://doi.acm.org/10.1145/229000.226301},
  isbn = {0-89791-787-1},
  location = {San Diego, California, United States}
}

@INPROCEEDINGS{hutchins94:experiments,
  author = {Monica Hutchins and Herb Foster and Tarak Goradia and Thomas Ostrand},
  title = {Experiments of the effectiveness of dataflow- and controlflow-based
    test adequacy criteria},
  booktitle = {Proc. 16th International Conference on Software Engineering},
  year = {1994},
  pages = {191--200},
  isbn = {0-8186-5855-X},
  location = {Sorrento, Italy}
}

@INPROCEEDINGS{iosif02:symmetry,
  author = {Radu Iosif},
  title = {Symmetry Reduction Criteria for Software Model Checking},
  booktitle = {Proc. 9th SPIN Workshop on Software Model Checking},
  year = {2002},
  volume = {2318},
  series = {LNCS},
  pages = {22--41},
  month = {July},
  publisher = {Springer}
}

@INPROCEEDINGS{jackson00:alcoa,
  author = {Daniel Jackson and Ian Schechter and Hya Shlyahter},
  title = {Alcoa: the alloy constraint analyzer},
  booktitle = {Proc. 22nd International Conference on Software Engineering},
  year = {2000},
  pages = {730--733},
  location = {Limerick, Ireland}
}

@INPROCEEDINGS{jackson01:micromodularity,
  author = {Daniel Jackson and Ilya Shlyakhter and Manu Sridharan},
  title = {A micromodularity mechanism},
  booktitle = {Proc. ESEC/FSE},
  year = {2001},
  pages = {62--73},
  location = {Vienna, Austria}
}

@ARTICLE{jaeger03:policy,
  author = {T. Jaeger and X. Zhang and F. Cacheda},
  title = {Policy Management Using Access Control Spaces},
  journal = {ACM Transactions on Information and System Security},
  year = {2003},
  volume = {6},
  number = {3}
}

@INPROCEEDINGS{jajodia97:logical,
  author = {Sushil Jajodia and Pierangela Samarati and V. S. Subrahmanian},
  title = {A Logical Language for Expressing Authorizations},
  booktitle = {Proc. 1997 IEEE Symposium on Security and Privacy},
  year = {1997},
  pages = {31--42},
  url = {\code{http://www.isse.gmu.edu/\ensuremath{\sim}csis/publications/oak97-jss.ps}}
}

@INPROCEEDINGS{jajodia97:unified,
  author = {Sushil Jajodia and Pierangela Samarati and V. S. Subrahmanian and
    Elisa Bertino},
  title = {A Unified Framework for Enforcing Multiple Access Control Policies},
  booktitle = {Proc. ACM SIGMOD International Conference on Management of Data},
  year = {1997},
  pages = {474--485},
  url = {\code{http://www.isse.gmu.edu/\ensuremath{\sim}csis/publications/sigmod97.ps}}
}

@INPROCEEDINGS{jaramillo02:debugging,
  author = {Clara Jaramillo and Rajiv Gupta and Mary Lou Soffa},
  title = {Debugging and Testing Optimizers through Comparison Checking},
  booktitle = {Electronic Notes in Theoretical Computer Science},
  year = {2002},
  editor = {Jens Knoop and Wolf Zimmermann},
  volume = {65},
  publisher = {Elsevier},
  issue = {2}
}

@ARTICLE{johnson74:approximation,
  author = {D. S. Johnson},
  title = {Approximation Algorithms for Combinatorial Problems},
  journal = {J. Comput. System Sci.},
  year = {1974},
  volume = {9},
  pages = {256--278}
}

@INPROCEEDINGS{jones01:test,
  author = {James A. Jones and Mary Jean Harrold},
  title = {Test-Suite Reduction and Prioritization for Modified Condition/Decision
    Coverage},
  booktitle = {Proc. IEEE International Conference on Software Maintenance},
  year = {2001},
  pages = {92}
}

@INPROCEEDINGS{jones02:visualization,
  author = {James A. Jones and Mary Jean Harrold and John Stasko},
  title = {Visualization of test information to assist fault localization},
  booktitle = {Proc. the 24th international conference on Software engineering},
  year = {2002},
  pages = {467--477},
  publisher = {ACM Press},
  doi = {http://doi.acm.org/10.1145/581339.581397},
  isbn = {1-58113-472-X},
  location = {Orlando, Florida}
}

@BOOK{kaner02:lessions,
  title = {Lessons Learned in Software Testing},
  publisher = {Wiley \& Sons},
  year = {2002},
  author = {Cem Kaner and James Bach and Bret Pettichord}
}

@INPROCEEDINGS{kapfhammer03:family,
  author = {Gregory M. Kapfhammer and Mary Lou Soffa},
  title = {A family of test adequacy criteria for database-driven applications},
  booktitle = {Proc. 9th European Software Engineering Conference held jointly with
    11th ACM SIGSOFT International Symposium on Foundations of Software
    Engineering},
  year = {2003},
  pages = {98--107},
  location = {Helsinki, Finland}
}

@INPROCEEDINGS{kapfhammer03:family1,
  author = {Gregory M. Kapfhammer and Mary Lou Soffa},
  title = {A Family of Test Adequacy Criteria for Database-Driven Applications},
  booktitle = {Proceedings of the 9th ESEC/FSE},
  year = {2003},
  location = {Helsinki, Finland}
}

@ARTICLE{karlsson97:cost,
  author = {Joachim Karlsson and Kevin Ryan},
  title = {A Cost-Value Approach for Prioritizing Requirements},
  journal = {IEEE Software},
  year = {1997},
  volume = {14},
  pages = {67--74},
  number = {5},
  doi = {http://dx.doi.org/10.1109/52.605933},
  issn = {0740-7459},
  publisher = {IEEE Computer Society Press}
}

@PHDTHESIS{khurshid03:PhD,
  author = {Sarfraz Khurshid},
  title = {Generating Structurally Complex Tests from Declarative Constraints},
  school = {MIT Department of Electrical Engineering and Computer Science},
  year = {2003},
  type = {{Ph.D.}},
  address = {Cambridge, MA},
  month = {December}
}

@INPROCEEDINGS{khurshid03:generalized,
  author = {Sarfraz Khurshid and Corina S. Pasareanu and Willem Visser},
  title = {Generalized symbolic execution for model checking and testing},
  booktitle = {Proc. 9th International Conference on Tools and Algorithms for the
    Construction and Analysis of Systems},
  year = {2003},
  pages = {553--568},
  month = {April},
  location = {Warsaw, Poland}
}

@INCOLLECTION{kiczales97:aspect,
  author = {Gregor Kiczales and John Lamping and Anurag Menhdhekar and Chris
    Maeda and Cristina Lopes and Jean-Marc Loingtier and John Irwin},
  title = {Aspect-Oriented Programming},
  booktitle = {Proc. 11th European Conference on Object-Oriented Programming},
  year = {1997},
  pages = {220--242}
}

@INPROCEEDINGS{kim02:history,
  author = {Jung-Min Kim and Adam Porter},
  title = {A history-based test prioritization technique for regression testing
    in resource constrained environments},
  booktitle = {Proc. the 24th international conference on Software engineering},
  year = {2002},
  pages = {119--129},
  publisher = {ACM Press},
  doi = {http://doi.acm.org/10.1145/581339.581357},
  isbn = {1-58113-472-X},
  location = {Orlando, Florida}
}

@ARTICLE{king76:symbolic,
  author = {James C. King},
  title = {Symbolic execution and program testing},
  journal = {Commun. ACM},
  year = {1976},
  volume = {19},
  pages = {385--394},
  number = {7}
}

@INPROCEEDINGS{kolaczek03:specification,
  author = {Grzegorz Kolaczek},
  title = {Specification and Verification of Constraints in Role Based Access
    Control for Enterprise Security System},
  booktitle = {Proc. WETICE},
  year = {2003},
  pages = {190--195},
}

@INPROCEEDINGS{kolovski07:analyzing,
  author = {Vladimir Kolovski and James Hendler and Bijan Parsia},
  title = {Analyzing Web Access Control Policies},
  booktitle = {Proc. WWW},
  year = {2007},
  pages = {677--686},
  location = {Banff, Alberta, Canada}
}

@ARTICLE{korel90:automated,
  author = {Bogdan Korel},
  title = {Automated Software Test Data Generation},
  journal = {IEEE Trans. Softw. Eng.},
  year = {1990},
  volume = {16},
  pages = {870--879},
  number = {8}
}

@INPROCEEDINGS{korel98:automated,
  author = {Bogdan Korel and Ali M. Al-Yami},
  title = {Automated regression test generation},
  booktitle = {Proc. 1998 ACM SIGSOFT International Symposium on Software Testing
    and Analysis},
  year = {1998},
  pages = {143--152},
  location = {Clearwater Beach, Florida}
}

@INPROCEEDINGS{korel96:assertion,
  author = {Bogdan Korel and Ali M. Al-Yami},
  title = {Assertion-oriented automated test data generation},
  booktitle = {Proc. 18th International Conference on Software Engineering},
  year = {1996},
  pages = {71--80},
  publisher = {IEEE Computer Society},
  isbn = {0-8186-7246-3},
  location = {Berlin, Germany}
}

@INPROCEEDINGS{krauser88:high,
  author = {E. W. Krauser and a. P. Mathur and V. Rego},
  title = {High performance testing on SIMD machines},
  booktitle = {Proceedings of the 2nd Workshop on Software Testing, Verification,
    and Analysis},
  year = {1988},
  owner = {mar99999},
  timestamp = {2006.02.21}
}

@INPROCEEDINGS{krishnamurthi:continue,
  author = {Shriram Krishnamurthi},
  title = {The {CONTINUE} Server (or, How I Administered {PADL} 2002 and 2003)},
  booktitle = {Proc. PADL},
  year = {2003},
  pages = {2--16},
  isbn = {3-540-00389-4}
}

@INPROCEEDINGS{krishnamurthi04:verifying,
  author = {Shriram Krishnamurthi and Kathi Fisler and Michael Greenberg},
  title = {Verifying Aspect Advice Modularly},
  booktitle = {Proc. 12th International Symposium on the Foundations of Software
    Engineering},
  year = {2004},
  month = {November}
}

@INPROCEEDINGS{kropp98:automated,
  author = {Nathan P. Kropp and Philip J. Koopman Jr. and Daniel P. Siewiorek},
  title = {Automated Robustness Testing of Off-the-Shelf Software Components},
  booktitle = {Proc. 28th IEEE International Symposium on Fault Tolerant Computing},
  year = {1998},
  pages = {230--239}
}

@INPROCEEDINGS{kudo00:xml,
  author = {M. Kudo and S. Hada},
  title = {{XML} Document Security Based on Privisional Authorization},
  booktitle = {Proc. ACM Conference on Computer and Communication Security},
  year = {2000},
  address = {Athens, Greece},
  month = {November}
}

@INPROCEEDINGS{kung94:object,
  author = {David Kung and Nimish Suchak and Jerry Gao and Pei Hsia},
  title = {On object state testing},
  booktitle = {Proc. 18th International Computer Software and Applications Conference},
  year = {1994},
  pages = {222--227}
}

@BOOK{laddad03:aspectj,
  title = {{A}spect{J} in Action},
  publisher = {Manning},
  year = {2003},
  author = {Ramnivas Laddad},
  isbn = {193011}
}

@INPROCEEDINGS{law03:whole,
  author = {James Law and Gregg Rothermel},
  title = {Whole program Path-Based dynamic impact analysis},
  booktitle = {Proc. the 25th international conference on Software engineering},
  year = {2003},
  pages = {308--318},
  publisher = {IEEE Computer Society},
  isbn = {0-7695-1877-X},
  location = {Portland, Oregon}
}

@TECHREPORT{leavens98:preliminary,
  author = {Gary T. Leavens and Albert L. Baker and Clyde Ruby},
  title = {Preliminary Design of {JML}: {A} Behavioral Interface Specification
    Language for {Java}},
  institution = {Department of Computer Science, Iowa State University},
  year = {1998},
  number = {TR 98-06i},
  month = Jun,
  url = {citeseer.nj.nec.com/leavens99preliminary.html}
}

@INPROCEEDINGS{lee96:principles,
  author = {David Lee and Mihalis Yannakakis},
  title = {Principles and Methods of Testing Finite State Machines - {A} Survey},
  booktitle = {Proc. The IEEE},
  year = {1996},
  volume = {84},
  number = {8},
  pages = {1090--1123},
  month = aug
}

@INPROCEEDINGS{Utting02,
  author = {B. Legeard and F. Peureux and M. Utting},
  title = {{A comparison of the LIFC/B and TTF/Z test-generation methods}},
  booktitle = {Proc. 2nd International Z and B Conference},
  year = {2002},
  pages = {309--329},
  month = {January},
  optvolume = {LNCS 2272}
}

@TECHREPORT{leino00:escjava,
  author = {K. Rustan M. Leino and Greg Nelson and James B. Saxe},
  title = {{ESC}/{J}ava user's manual},
  institution = {Compaq Systems Research Center},
  year = {2000},
  type = {Technical Report},
  number = {2000-002},
  address = {Palo Alto, CA},
  month = {October}
}

@INPROCEEDINGS{337195,
  author = {David Leon and Andy Podgurski and Lee J. White},
  title = {Multivariate visualization in observation-based testing},
  booktitle = {ICSE '00: Proceedings of the 22nd international conference on Software
    engineering},
  year = {2000},
  pages = {116--125},
  publisher = {ACM Press},
  doi = {http://doi.acm.org/10.1145/337180.337195},
  isbn = {1-58113-206-9},
  location = {Limerick, Ireland}
}

@INPROCEEDINGS{lerda01:addressing,
  author = {Flavio Lerda and Willem Visser},
  title = {Addressing Dynamic Issues of Program Model Checking},
  booktitle = {Proc. 2001 Spin Workshop},
  year = {2001},
  month = {May}
}

@INPROCEEDINGS{leung91:cost,
  author = {H.K.N. Leung and L.J. White},
  title = {A cost model to compare regression test strategies},
  booktitle = {Proc. the International Conference on Software Maintenance},
  year = {1991},
  pages = {201--208},
  publisher = {IEEE Computer Society},
  isbn = {0-7695-1819-2}
}

@INPROCEEDINGS{leung90:study,
  author = {H. K. N. Leung and L. White},
  title = {A study of integration testing and software regression at the integration
    level},
  booktitle = {Proc. International Conference on Software Maintenance},
  year = {1990},
  pages = {290--300}
}

@INPROCEEDINGS{leung89:insight,
  author = {H. K. N. Leung and L. White},
  title = {Insights into regression testing},
  booktitle = {Proc. International Conference on Software Maintenance},
  year = {1989},
  pages = {60--69}
}

@INPROCEEDINGS{liblit03:bug,
  author = {Ben Liblit and Alex Aiken and Alice X. Zheng and Michael I. Jordan},
  title = {Bug isolation via remote program sampling},
  booktitle = {Proc. ACM SIGPLAN Conference on Programming Language Design and Implementation},
  year = {2003},
  pages = {141--154},
  doi = {http://doi.acm.org/10.1145/781131.781148},
  isbn = {1-58113-662-5},
  location = {San Diego, California, USA}
}

@ARTICLE{lieberherr01:aspect,
  author = {Karl Lieberherr and Doug Orleans and Johan Ovlinger},
  title = {Aspect-oriented programming with adaptive methods},
  journal = {Commun. ACM},
  year = {2001},
  volume = {44},
  pages = {39--41},
  number = {10}
}

@BOOK{liskov00:program,
  title = {Program Development in {Java}: Abstraction, Specification, and Object-Oriented
    Design},
  publisher = {Addison-Wesley},
  year = {2000},
  author = {Barbara Liskov and John Guttag}
}

@INPROCEEDINGS{liu05:complete,
  author = {Alex X. Liu and Mohamed G. Gouda},
  title = {Complete Redundancy Detection in Firewalls},
  booktitle = {Proc. 19th Annual IFIP Conference on Data and Applications Security},
  year = {2005},
  pages = {196--209},
  month = {August}
}

@INPROCEEDINGS{lorch03:xacml,
  author = {M. Lorch and D.G. Kafura and S. Shah},
  title = {An {XACML-based} Policy Management and Authorization Service for
    {Globus} Resources},
  booktitle = {Proc. International Workshop on Grid Computing (GRID)},
  year = {2003},
  pages = {208-212},
  month = nov
}

@ARTICLE{lupu99:conflict,
  author = {Emil C. Lupu and Morris Sloman},
  title = {Conflict in Policy-based Distributed Systems Management},
  journal = {IEEE Transaction on Software Engineering},
  year = {1999},
  volume = {25},
  pages = {852--869},
  number = {6},
  url = {http://www-dse.doc.ic.ac.uk/\ensuremath{\sim}ecl1/papers/TSE/web.pdf}
}

@INPROCEEDINGS{ma02:interclass,
  author = {Yu-Seung Ma and Yong-Rae Kwon and Jeff Offutt},
  title = {Inter-Class Mutation Operators for {Java}},
  booktitle = {Proc. International Symposium on Software Reliability Engineering},
  year = {2002},
  pages = {352--363},
  location = {Annapolis, Maryland}
}

@INCOLLECTION{mackinnon01:endo,
  author = {Tim Mackinnon and Steve Freeman and Philip Craig},
  title = {Endo-Testing: Unit Testing with Mock Objects},
  booktitle = {Extreme Programming Examined},
  publisher = {Addison-Wesley},
  year = {2001}
}

@INPROCEEDINGS{malishevsky02:modeling,
  author = {Alexey G. Malishevsky and Gregg Rothermel and Sebastian G. Elbaum},
  title = {Modeling the Cost-Benefits Tradeoffs for Regression Testing Techniques},
  booktitle = {Proc. the International Conference on Software Maintenance},
  year = {2002},
  pages = {204},
  publisher = {IEEE Computer Society},
  isbn = {0-7695-1819-2}
}

@INPROCEEDINGS{marick91:weak,
  author = {B. Marick},
  title = {The weak mutation hypothesis},
  booktitle = {Proceedings of the 4th Symposium on Software Testing, Analysis, and
    Verification},
  year = {1991},
  owner = {mar99999},
  timestamp = {2006.02.21}
}

@PHDTHESIS{marinov05:PhD,
  author = {Darko Marinov},
  title = {Automatic Testing of Software with Structurally Complex Inputs},
  school = {MIT Department of Electrical Engineering and Computer Science},
  year = {2005},
  type = {{Ph.D.}},
  address = {Cambridge, MA},
  month = {February}
}

@TECHREPORT{marinov03:evaluation,
  author = {Darko Marinov and Alexandr Andoni and Dumitru Daniliuc and Sarfraz
    Khurshid and Martin Rinard},
  title = {An evaluation of exhaustive testing for data structures},
  institution = {MIT CSAIL},
  year = {2003},
  type = {Technical Report},
  number = {MIT-LCS-TR-921},
  address = {Cambridge, MA},
  month = {September}
}

@INPROCEEDINGS{marinov01:testera,
  author = {Darko Marinov and Sarfraz Khurshid},
  title = {Test{E}ra: A Novel Framework for Automated Testing of {J}ava Programs},
  booktitle = {Proc. 16th IEEE International Conference on Automated Software Engineering},
  year = {2001},
  pages = {22--31}
}

@INPROCEEDINGS{marinov03:object,
  author = {Darko Marinov and Robert O'Callahan},
  title = {Object equality profiling},
  booktitle = {Proc. the 18th ACM SIGPLAN Conference on Object-Oriented Programing,
    Systems, Languages, and Applications},
  year = {2003},
  pages = {313--325},
  publisher = {ACM Press},
  doi = {http://doi.acm.org/10.1145/949305.949333},
  isbn = {1-58113-712-5},
  location = {Anaheim, California, USA}
}

@INPROCEEDINGS{martin07:websob,
  author = {Evan Martin and Suranjana Basu and Tao Xie},
  title = {{WebSob}: A Tool for Robustness Testing of Web Services},
  booktitle = {Proc. 29th International Conference on Software Engineering (ICSE
    2007)},
  year = {2007},
  month = {May},
  location = {Minneapolis, MN},
  owner = {Administrator},
  timestamp = {2008.03.06},
  url = {http://www.csc.ncsu.edu/faculty/xie/publications.htm}
}

@INPROCEEDINGS{martin06:automatedws,
  author = {Evan Martin and Suranjana Basu and Tao Xie},
  title = {Automated Robustness Testing of Web Services},
  booktitle = {Proc. 4th International Workshop on SOA And Web Services Best Practices
    (SOAWS 2006)},
  year = {2006},
  month = {October},
  location = {Portland},
  owner = {Administrator},
  timestamp = {2008.03.06},
  url = {http://www.csc.ncsu.edu/faculty/xie/publications/soaws06.pdf}
}

@INPROCEEDINGS{martin07:automated,
  author = {Evan Martin and Tao Xie},
  title = {Automated Test Generation for Access Control Policies via Change-Impact
    Analysis},
  booktitle = {Proc. 3rd International Workshop on Software Engineering for Secure
    Systems (SESS 2007)},
  year = {2007},
  pages = {5--11},
  month = {May},
  location = {Minneapolis, MN},
  owner = {Administrator},
  timestamp = {2008.03.06},
  url = {http://www.csc.ncsu.edu/faculty/xie/publications/sess07.pdf}
}

@INPROCEEDINGS{martin07:fault,
  author = {Evan Martin and Tao Xie},
  title = {A Fault Model and Mutation Testing of Access Control Policies},
  booktitle = {Proc. WWW},
  year = {2007},
  location = {Banff, Alberta, Canada},
  pages = {667--676},
  timestamp = {2008.03.06},

  url = {http://www.csc.ncsu.edu/faculty/xie/publications.htm}
}

@INPROCEEDINGS{martin06:automated,
  author = {Evan Martin and Tao Xie},
  title = {Automated Test Generation for Access Control Policies},
  booktitle = {Supp. Proc. 17th IEEE International Conference on Software Reliability
    Engineering (ISSRE 2006)},
  year = {2006},
  month = {November},
  location = {Raleigh, NC},
  owner = {Administrator},
  timestamp = {2008.03.06},
  url = {http://www.csc.ncsu.edu/faculty/xie/publications/issre06-policytest.pdf}
}

@INPROCEEDINGS{martin06:inferring,
  author = {Evan Martin and Tao Xie},
  title = {Inferring Access-Control Policy Properties via Machine Learning},
  booktitle = {Proc. POLICY},
  year = {2006},
  pages = {235--238},
  url = {http://www.csc.ncsu.edu/faculty/xie/publications/policy06.pdf}
}

@INPROCEEDINGS{martin06:understanding,
  author = {Evan Martin and Tao Xie},
  title = {Understanding Software Application Interfaces via String Analysis},
  booktitle = {Proc. 28th International Conference on Software Engineering (ICSE
    2006), Emerging Results Track},
  year = {2006},
  pages = {901--904},
  month = {May},
  location = {Shanghai, China},
  owner = {Administrator},
  timestamp = {2008.03.06},
  url = {http://www.csc.ncsu.edu/faculty/xie/publications/icse06er.pdf}
}

@TECHREPORT{martin06tr:mutation,
  author = {Evan Martin and Tao Xie},
  title = {Automated Mutation Testing of Access Control Policies},
  institution = {Department of Computer Science, North Carolina State University},
  year = {2006},
  type = {Technical Report},
  number = {TR-2006-12},
  address = {Raleigh, North Carolina}
}

@INPROCEEDINGS{martin06:defining,
  author = {Evan Martin and Tao Xie and Ting Yu},
  title = {Defining and Measuring Policy Coverage in Testing Access Control
    Policies},
  booktitle = {Proc. ICICS},
  year = {2006},
  pages = {139--158},
  location = {Raleigh, NC},
  owner = {Administrator},
  timestamp = {2008.03.06},
  url = {http://www.csc.ncsu.edu/faculty/xie/publications/icics06.pdf}
}

@TECHREPORT{martin06:defining-tr,
  author = {Evan Martin and Tao Xie and Ting Yu},
  title = {Defining and Measuring Policy Coverage in Testing Access Control
    Policies},
  institution = {Department of Computer Science, North Carolina State University},
  year = {2006},
  type = {Technical Report},
  number = {TR-2006-8},
  address = {Raleigh, North Carolina}
}

@TECHREPORT{mathur88:mutant,
  author = {A. P. Mathur and E. W. Krauser},
  title = {Mutant unification for improved vectorization},
  institution = {Software Engineering Research Center - Purdue University},
  year = {1988},
  number = {SERC-TR-14-P},
  owner = {mar99999},
  timestamp = {2006.02.21}
}

@ARTICLE{mccabe76:complexity,
  author = {Thomas J. McCabe},
  title = {A complexity measure},
  journal = {IEEE Trans. Softw. Eng.},
  year = {1976},
  volume = {2},
  pages = {308--320},
  number = {4},
  month = {December}
}

@INPROCEEDINGS{mccamant03:predicting,
  author = {Stephen McCamant and Michael D. Ernst},
  title = {Predicting problems caused by component upgrades},
  booktitle = {Proc. the 10th ESEC/FSE},
  year = {2003},
  pages = {287--296},
  location = {Helsinki, Finland}
}

@TECHREPORT{mcgregor01:testing,
  author = {John D. McGregor},
  title = {Testing a software product line},
  institution = {Software Engineering Institute, Carnegie Mellon University},
  year = {2001},
  type = {Technical Report},
  number = {CMU/SEI-2001-TR-022},
  address = {Fort Collins, Colorado},
  month = {December}
}

@BOOK{mcmillan93:symbolic,
  title = {Symbolic Model Checking},
  publisher = {Kluwer Academic Publishers},
  year = {1993},
  author = {Kenneth L. McMillan}
}

@PHDTHESIS{memon01:comprehensive,
  author = {Atif M. Memon},
  title = {A Comprehensive Framework for Testing Graphical User Interfaces},
  school = {University of Pittsburgh},
  year = {2001},
  type = {{Ph.D.}},
  address = {Pittsburgh, PA},
  month = {July}
}

@INPROCEEDINGS{memon03:what,
  author = {Atif M. Memon and Ishan Banerjee and Adithya Nagarajan},
  title = {What Test Oracle Should {I} use for Effective {GUI} Testing?},
  booktitle = {Proc. 18th IEEE International Conference on Automated Software Engineering},
  year = {2003},
  pages = {164--173},
  location = {Montreal, Canada}
}

@INPROCEEDINGS{memon00:autoamted,
  author = {Atif M. Memon and Martha E. Pollack and Mary Lou Soffa},
  title = {Automated test oracles for {GUIs}},
  booktitle = {Proc. 8th ACM SIGSOFT International Symposium on Foundations of Software
    Engineering},
  year = {2000},
  pages = {30--39},
  location = {San Diego, California}
}

@INPROCEEDINGS{memon00:automated,
  author = {Atif M. Memon and Martha E. Pollack and Mary Lou Soffa},
  title = {Automated test oracles for GUIs},
  booktitle = {Proc. 8th ACM SIGSOFT International Symposium on Foundations of Software
    Engineering},
  year = {2000},
  pages = {30--39},
  location = {San Diego, California}
}

@INPROCEEDINGS{memon99:using,
  author = {Atif M. Memon and Martha E. Pollack and Mary Lou Soffa},
  title = {Using a goal-driven approach to generate test cases for GUIs},
  booktitle = {Proc. 21st International Conference on Software Engineering},
  year = {1999},
  pages = {257--266},
  location = {Los Angeles, California}
}

@INPROCEEDINGS{memon04:skoll,
  author = {Atif M. Memon and Adam Porter and Cemal Yilmaz and Adithya Nagarajan
    and Douglas C. Schmidt and Bala Natarajan},
  title = {Skoll: Distributed Continuous Quality Assurance},
  booktitle = {Proc. 26th International Conference on Software Engineering},
  year = {2004},
  pages = {459--468}
}

@INPROCEEDINGS{memon03:regression,
  author = {Atif M. Memon and Mary Lou Soffa},
  title = {Regression testing of {GUIs}},
  booktitle = {Proc. 9th European Software Engineering Conference held jointly with
    11th ACM SIGSOFT International Symposium on Foundations of Software
    Engineering},
  year = {2003},
  pages = {118--127},
  location = {Helsinki, Finland}
}

@BOOK{meyer92:eiffel,
  title = {Eiffel: The Language},
  publisher = {Prentice Hall},
  year = {1992},
  author = {Bertrand Meyer}
}

@BOOK{meyer88:object,
  title = {Object-Oriented Software Construction},
  publisher = {Prentice Hall},
  year = {1988},
  author = {Bertrand Meyer}
}

@INPROCEEDINGS{michail05:helping,
  author = {Amir Michail and Tao Xie},
  title = {Helping Users Avoid Bugs in {GUI} Applications},
  booktitle = {Proc. 27th International Conference on Software Engineering},
  year = {2005},
  pages = {107--116},
  month = {May},
  location = {St. Louis, Missouri},
  url = {http://www.cs.washington.edu/homes/taoxie/publications/icse05.pdf}
}

@ARTICLE{miller90:empirical,
  author = {Barton P. Miller and Louis Fredriksen and Bryan So},
  title = {An empirical study of the reliability of UNIX utilities},
  journal = {Commun. ACM},
  year = {1990},
  volume = {33},
  pages = {32--44},
  number = {12},
  issn = {0001-0782}
}

@ARTICLE{morell90:theory,
  author = {L. J. Morell},
  title = {A Theory of Fault-Based Testing},
  journal = {IEEE Trans. Softw. Eng.},
  year = {1990},
  volume = {16},
  pages = {844--857},
  number = {8},
  issn = {0098-5589}
}

@MISC{moses03:xacml,
  author = {T. Moses and A. Anderson and S. Proctor and S. Godik},
  title = {{XACML Profile for Web-Services (WSPL)}},
  howpublished = {OASIS Working Draft},
  month = sep,
  year = {2003},
  url = {http://www.oasis-open.org/committees/download.php/3661/draft-xacml-wspl-04.pdf}
}

@INPROCEEDINGS{muccini04:towards,
  author = {Henry Muccini and Andr\&\#233; van der Hoek },
  title = {Towards Testing Product Line Architectures},
  booktitle = {Proc. International Workshop on Testing and Analysis of Component
    Based Systems},
  year = {2003},
  month = {April},
  location = {Warsaw, Poland}
}

@INPROCEEDINGS{musuvathi02:cmc,
  author = {Madanlal Musuvathi and David Park and Andy Chou and Dawson R. Engler
    and David L. Dill},
  title = {{CMC}: A Pragmatic Approach to Model Checking Real Code},
  booktitle = {Proc. 5th Symposium on Operating Systems Design and Implementation},
  year = {2002},
  pages = {75--88},
  month = {December},
  location = {Boston, Massachusetts}
}

@BOOK{myers79:art,
  title = {Art of Software Testing},
  publisher = {John Wiley \& Sons, Inc.},
  year = {1979},
  author = {Glenford J. Myers},
  isbn = {0471043281}
}

@MISC{sun03:java2,
  author = {{S}un {M}icrosystems},
  title = {{J}ava 2 {P}latform, {S}tandard {E}dition, v 1.4.2, {API} {S}pecification},
  howpublished = {Online documentation},
  month = {Nov.},
  year = {2003},
  note = {\url{http://java.sun.com/j2se/1.4.2/docs/api/}}
}

@INPROCEEDINGS{naumovich00:toward,
  author = {Gleb Naumovich and Phyllis G. Frankl},
  title = {Toward Synergy of Finite State Verification and Testing},
  booktitle = {Proc. 1st International Workshop on Automated Program Analysis, Testing
    and Verification},
  year = {2000},
  pages = {89--94},
  month = {June}
}

@INPROCEEDINGS{netisopakul02-2:data,
  author = {Ponrudee Netisopakul and Lee J. White and John Morris},
  title = {Data coverage testing},
  booktitle = {Proc. 9th Asia-Pacific Software Engineering Conference},
  year = {2002},
  pages = {465},
  month = {December}
}

@INPROCEEDINGS{netisopakul02-1:data,
  author = {Ponrudee Netisopakul and Lee J. White and John Morris and Daniel
    Hoffman},
  title = {Data coverage testing of programs for container classes},
  booktitle = {Proc. 13th International Symposium on Software Reliability Engineering},
  year = {2002},
  pages = {465--472},
  month = {November}
}

@INPROCEEDINGS{nguyen98:design,
  author = {Dung Nguyen},
  title = {Design patterns for data structures},
  booktitle = {Proc. 29th SIGCSE Technical Symposium on Computer Science Education},
  year = {1998},
  pages = {336--340},
  doi = {http://doi.acm.org/10.1145/273133.274325},
  isbn = {0-89791-994-7},
  location = {Atlanta, Georgia, United States}
}

@TECHREPORT{nimmer02:automatic,
  author = {Jeremy W. Nimmer},
  title = {Automatic Generation and Checking of Program Specifications},
  institution = {MIT Laboratory for Computer Science},
  year = {2002},
  type = {Technical Report},
  number = {852},
  address = {Cambridge, MA},
  month = {June}
}

@INPROCEEDINGS{nimmer01:static,
  author = {Jeremy W. Nimmer and Michael D. Ernst},
  title = {Static verification of dynamically detected program invariants: Integrating
    {Daikon} and {ESC}/{Java}},
  booktitle = {Proc. 1st Workshop on Runtime Verification},
  year = {2001},
  address = {Paris, France},
  month = {July}
}

@INPROCEEDINGS{notkin02:longitudinal,
  author = {David Notkin},
  title = {Longitudinal program analysis},
  booktitle = {Proc. 2002 ACM SIGPLAN-SIGSOFT Workshop on Program Analysis for Software
    Tools and Engineering},
  year = {2002},
  pages = {1--1},
  location = {Charleston, South Carolina}
}

@CONFERENCE{offut93:experimental,
  author = {A. J. Offut and G. Rothermel and C. Zapf},
  title = {An experimental evaluation of selective mutation},
  booktitle = {Proceedings of the 15th Internation Conference on Software Engineering},
  year = {1993},
  pages = {100-107},
  address = {Baltimore, MD},
  month = {May},
  owner = {mar99999},
  timestamp = {2006.02.21}
}

@PHDTHESIS{offut88:automatic,
  author = {A. J. Offutt},
  title = {Automatic Test Data Generation},
  school = {Georgia Institute of Technology},
  year = {1988},
  owner = {mar99999},
  timestamp = {2006.02.21}
}

@ARTICLE{offut94:empirical,
  author = {A. J. Offutt and s. D. Lee},
  title = {An empirical evaluation of weak mutation},
  journal = {IEEE Transactions on Software Engineering},
  year = {1994},
  volume = {20},
  pages = {337-344},
  owner = {mar99999},
  timestamp = {2006.02.21}
}

@ARTICLE{offut96:experimental,
  author = {A. J. Offutt and A. Lee and G. Rothermel and R. Untch and C. Zapf},
  title = {An experimental determination of sufficient mutation operators},
  journal = {ACM Transactions on Software Engineering Methodology},
  year = {1996},
  volume = {5},
  pages = {99},
  month = {April},
  owner = {mar99999},
  timestamp = {2006.02.21}
}

@INPROCEEDINGS{offut91:how,
  author = {A. J. Offutt and S. D. Lee},
  title = {How strong is weak mutation?},
  booktitle = {Proceedings of the 4th Symposium on Software Testing, aNalysis, and
    Verification},
  year = {1991},
  owner = {mar99999},
  timestamp = {2006.02.21}
}

@CONFERENCE{offut92:mutation,
  author = {A. J. Offutt and R. Pargas and S. V. Fichter and P. Khambekar},
  title = {Mutation testing of software using a mimd computer},
  booktitle = {International Conference on Parallel Processing},
  year = {1992},
  owner = {mar99999},
  timestamp = {2006.02.21}
}

@ARTICLE{offut99:ddr,
  author = {J. Offutt and Z. Jin and J. Pan},
  title = {The dynamic domain reduction approach to test data generation},
  journal = {Software-Practice and Experience},
  year = {1999},
  volume = {29},
  pages = {167-193},
  owner = {mar99999},
  timestamp = {2006.02.21}
}

@CONFERENCE{offutt00:mutation,
  author = {Jeff Offutt and Roland H. Untch},
  title = {Mutation 2000: Uniting the Orthogonal},
  booktitle = {Mutation 2000: Mutation Testing in the Twentieth and the Twenty First
    Centuries},
  year = {2000},
  pages = {45-55},
  month = {October},
  owner = {eemartin},
  timestamp = {2006.02.19}
}

@INPROCEEDINGS{orso03:leveraging,
  author = {Alessandro Orso and Taweesup Apiwattanapong and Mary Jean Harrold},
  title = {Leveraging field data for impact analysis and regression testing},
  booktitle = {Proc. 9th European Software Engineering Conference and 10th ACM SIGSOFT
    Symposium on the Foundations of Software Engineering},
  year = {2003},
  pages = {128--137},
  address = {Helsinki, Finland},
  month = {September}
}

@INPROCEEDINGS{orso05:selective,
  author = {Alessandro Orso and Bryan Kennedy},
  title = {{Selective Capture and Replay of Program Executions}},
  booktitle = {Proc. 3rd International ICSE Workshop on Dynamic Analysis},
  year = {2005},
  pages = {29--35},
  address = {St. Louis, MO},
  month = {May},
  optnote = {\url{http://www.csd.uwo.ca/woda2005/proceedings.html}}
}

@INPROCEEDINGS{orso02:gamma,
  author = {Alessandro Orso and Donglin Liang and Mary Jean Harrold and Richard
    Lipton},
  title = {Gamma System: Continuous Evolution of Software after Deployment},
  booktitle = {Proc. ACM SIGSOFT International Symposium on Software Testing and
    Analysis},
  year = {2002},
  pages = {65--69},
  address = {Rome, Italy},
  month = {July}
}

@INPROCEEDINGS{ostrand98:visual,
  author = {Thomas Ostrand and Aaron Anodide and Herbert Foster and Tarak Goradia},
  title = {A visual test development environment for GUI systems},
  booktitle = {Proc. 1998 ACM SIGSOFT International Symposium on Software Testing
    and Analysis},
  year = {1998},
  pages = {82--92},
  location = {Clearwater Beach, Florida}
}

@ARTICLE{ostrand88:category,
  author = {T. J. Ostrand and M. J. Balcer},
  title = {The category-partition method for specifying and generating fuctional
    tests},
  journal = {Commun. ACM},
  year = {1988},
  volume = {31},
  pages = {676--686},
  number = {6},
  doi = {http://doi.acm.org/10.1145/62959.62964},
  issn = {0001-0782},
  publisher = {ACM Press}
}

@INPROCEEDINGS{ostrand04:using,
  author = {Thomas J. Ostrand and Elaine J. Weyuker and Robert M. Bell },
  title = {Using Static Analysis to Determine Where to Focus Dynamic Testing
    Effort},
  booktitle = {Proc. the second International Workshop on Dynamic Analysis},
  year = {2004},
  pages = {1--8},
  location = {Edinburgh, Scotland}
}

@INPROCEEDINGS{ostrand04:where,
  author = {Thomas J. Ostrand and Elaine J. Weyuker and Robert M. Bell },
  title = {Where the Bugs Are},
  booktitle = {Proc. the International Symposium on Software Testing and Analysis},
  year = {2004},
  location = {Boston, Massachusetts}
}

@INPROCEEDINGS{pacheco05:eclat,
  author = {Carlos Pacheco and Michael D. Ernst},
  title = {Eclat: Automatic generation and classification of test inputs},
  booktitle = {Proc. 19th European Conference on Object-Oriented Programming},
  year = {2005},
  address = {Glasgow, Scotland},
  month = {July}
}

@MISC{pacheco04:eclattool,
  author = {Carlos Pacheco and Michael D. Ernst},
  title = {Eclat documents},
  howpublished = {Online manual},
  month = {Oct.},
  year = {2004},
  note = {\url{http://people.csail.mit.edu/people/cpacheco/eclat/}},
  url = {http://people.csail.mit.edu/people/cpacheco/eclat/}
}

@BOOK{panko03:corporate,
  title = {Corporate Computer and Network Security},
  publisher = {Prentice Hall},
  year = {2003},
  author = {Raymond Panko}
}

@ARTICLE{panzl75:automatic,
  author = {David J. Panzl},
  title = {Automatic Software Test Drivers},
  journal = {Computer},
  year = {1978},
  volume = {11},
  pages = {44--50},
  number = {4},
  month = {April}
}

@INPROCEEDINGS{paradkar04:plannable,
  author = {Amit M. Paradkar},
  title = {Plannable Test Selection Criteria for {FSMs} Extracted From Operational
    Specifications.},
  booktitle = {Proc. 15th International Symposium on Software Reliability Engineering},
  year = {2004},
  pages = {173-184},
  month = {November},
  location = {Saint-Malo, France}
}

@MISC{parasoft02:jcontract,
  author = {Parasoft},
  title = {Jcontract manuals version 1.5},
  howpublished = {Online manual},
  month = {October},
  year = {2002},
  note = {\url{http://www.parasoft.com/}}
}

@INPROCEEDINGS{depauw02:visualizing,
  author = {Wim De Pauw and Erik Jensen and Nick Mitchell and Gary Sevitsky and
    John M. Vlissides and Jeaha Yang},
  title = {Visualizing the Execution of Java Programs},
  booktitle = {Revised Lectures on Software Visualization, International Seminar},
  year = {2002},
  pages = {151--162},
  publisher = {Springer-Verlag},
  isbn = {3-540-43323-6}
}

@INPROCEEDINGS{pavlopoulou99:residual,
  author = {Christina Pavlopoulou and Michal Young},
  title = {Residual test coverage monitoring},
  booktitle = {Proc. 21st International Conference on Software Engineering},
  year = {1999},
  pages = {277--284},
  location = {Los Angeles, California}
}

@INPROCEEDINGS{peled99:black,
  author = {Doron Peled and Moshe Y. Vardi and Mihalis Yannakakis},
  title = {Black Box Checking},
  booktitle = {Proc. International Conference on Formal Description Techniques (FORTE)
    for Distributed Systems and Communication Protocols, and Protocol
    Specification, Testing, and Verification (PSTV)},
  year = {1999},
  pages = {225--240},
  month = {October},
  location = {Beijing, China}
}

@INPROCEEDINGS{perkins04:efficient,
  author = {Jeff H. Perkins and Michael D. Ernst},
  title = {Efficient incremental algorithms for dynamic detection of likely
    invariants},
  booktitle = {Proc. 12th ACM SIGSOFT 12th International Symposium on Foundations
    of Software Engineering},
  year = {2004},
  pages = {23--32},
  location = {Newport Beach, CA}
}

@INPROCEEDINGS{peters94:generating,
  author = {Dennis Peters and David L. Parnas},
  title = {Generating a Test Oracle from Program Documentation},
  booktitle = {Proc. 1994 Internation Symposium on Software Testing and Analysis},
  year = {1994},
  pages = {58--65}
}

@INPROCEEDINGS{pettis90:profile,
  author = {Karl Pettis and Robert C. Hansen},
  title = {Profile guided code positioning},
  booktitle = {Proc. ACM SIGPLAN 1990 Conference on Programming Language Design
    and Implementation},
  year = {1990},
  pages = {16--27},
  location = {White Plains, New York}
}

@ARTICLE{potter04:software,
  author = {Bruce Potter and Gary McGraw},
  title = {Software Security Testing},
  journal = {IEEE Security and Privacy},
  year = {2004},
  volume = {2},
  pages = {81--85},
  number = {5}
}

@ARTICLE{pugh92:practical,
  author = {William Pugh},
  title = {A practical algorithm for exact array dependence analysis},
  journal = {Commun. ACM},
  year = {1992},
  volume = {35},
  pages = {102--114},
  number = {8},
  doi = {http://doi.acm.org/10.1145/135226.135233},
  issn = {0001-0782},
  publisher = {ACM Press}
}

@ARTICLE{ramamoorthy76:automated,
  author = {C. Ramamoorthy and S. Ho and W. Chert},
  title = {On the automated generation of program test data},
  journal = {IEEE Trans. Softw. Eng.},
  year = {1976},
  volume = {2},
  pages = {293-300},
  number = {4}
}

@INPROCEEDINGS{reese97:software,
  author = {Jon Damon Reese and Nancy G. Leveson},
  title = {Software deviation analysis},
  booktitle = {Proc. the 19th International Conference on Software Engineering},
  year = {1997},
  pages = {250--260},
  doi = {http://doi.acm.org/10.1145/253228.253281},
  isbn = {0-89791-914-9},
  location = {Boston, Massachusetts, United States}
}

@INPROCEEDINGS{reiss01:encoding,
  author = {Steven P. Reiss and Manos Renieris},
  title = {Encoding program executions},
  booktitle = {Proc. 23rd International Conference on Software Engineering},
  year = {2001},
  pages = {221--230},
  isbn = {0-7695-1050-7},
  location = {Toronto, Ontario, Canada}
}

@INPROCEEDINGS{ren04:chianti,
  author = {Xiaoxia Ren and Fenil Shah and Frank Tip and Barbara G. Ryder and
    Ophelia Chesley},
  title = {Chianti: a tool for change impact analysis of {J}ava programs},
  booktitle = {Proc. 19th Annual ACM SIGPLAN Conference on Object-Oriented Programming,
    Systems, Languages, and Applications},
  year = {2004},
  pages = {432--448},
  location = {Vancouver, BC, Canada}
}

@INPROCEEDINGS{reps97:use,
  author = {Thomas Reps and Thomas Ball and Manuvir Das and James Larus},
  title = {The use of program profiling for software maintenance with applications
    to the year 2000 problem},
  booktitle = {Proc. the 6th ESEC/FSE},
  year = {1997},
  pages = {432--449},
  doi = {http://doi.acm.org/10.1145/267895.267925},
  isbn = {3-540-63531-9}
}

@INPROCEEDINGS{richardson94:taos,
  author = {Debra J. Richardson},
  title = {{TAOS}: Testing with Analysis and Oracle Support},
  booktitle = {Proc. 1994 ACM SIGSOFT International Symposium on Software Testing
    and Analysis},
  year = {1994},
  pages = {138--153},
  location = {Seattle, Washington}
}

@INPROCEEDINGS{richardson92:specification,
  author = {Debra J. Richardson and Stephanie Leif Aha and T. Owen O'Malley},
  title = {Specification-based test oracles for reactive systems},
  booktitle = {Proc. 14th International Conference on Software Engineering},
  year = {1992},
  pages = {105--118},
  location = {Melbourne, Australia}
}

@INPROCEEDINGS{rinard04:classification,
  author = {Martin Rinard and Alexandru Salcianu and Suhabe Bugrara},
  title = {A Classification System and Analysis for Aspect-Oriented Programs},
  booktitle = {Proc. 12th International Symposium on the Foundations of Software
    Engineering},
  year = {2004},
  month = {November}
}

@INPROCEEDINGS{robby03:bogor,
  author = {Robby and Matthew B. Dwyer and John Hatcliff},
  title = {Bogor: an extensible and highly-modular software model checking framework},
  booktitle = {Proc. 9th European Software Engineering Conference held jointly with
    11th ACM SIGSOFT International Symposium on Foundations of Software
    Engineering},
  year = {2003},
  pages = {267--276},
  location = {Helsinki, Finland}
}

@INPROCEEDINGS{robby03:space,
  author = {Robby and Matthew B. Dwyer and John Hatcliff and Radu Iosif},
  title = {Space-reduction strategies for model checking dynamic systems},
  booktitle = {Proc. 2003 Workshop on Software Model Checking},
  year = {2003},
  month = {July}
}

@INPROCEEDINGS{rosenblum92:towards,
  author = {David S. Rosenblum},
  title = {Towards a method of programming with assertions},
  booktitle = {Proc. 14th International Conference on Software Engineering},
  year = {1992},
  pages = {92--104},
  doi = {http://doi.acm.org/10.1145/143062.143098},
  isbn = {0-89791-504-6},
  location = {Melbourne, Australia}
}

@ARTICLE{rosenblum97:coverage,
  author = {David S. Rosenblum and Elaine J. Weyuker},
  title = {Using Coverage Information to Predict the Cost-Effectiveness of Regression
    Testing Strategies},
  journal = {IEEE Trans. Softw. Eng.},
  year = {1997},
  volume = {23},
  pages = {146--156},
  number = {3},
  doi = {http://dx.doi.org/10.1109/32.585502},
  issn = {0098-5589},
  publisher = {IEEE Press}
}

@INPROCEEDINGS{rothermel02:impact,
  author = {Gregg Rothermel and Sebastian Elbaum and Alexey Malishevsky and Praveen
    Kallakuri and Brian Davia},
  title = {The impact of test suite granularity on the cost-effectiveness of
    regression testing},
  booktitle = {Proc. the 24th international conference on Software engineering},
  year = {2002},
  pages = {130--140},
  publisher = {ACM Press},
  doi = {http://doi.acm.org/10.1145/581339.581358},
  isbn = {1-58113-472-X},
  location = {Orlando, Florida}
}

@ARTICLE{rothermel97:safe,
  author = {Gregg Rothermel and Mary Jean Harrold},
  title = {A safe, efficient regression test selection technique},
  journal = {ACM Trans. Softw. Eng. Methodol.},
  year = {1997},
  volume = {6},
  pages = {173--210},
  number = {2},
  doi = {http://doi.acm.org/10.1145/248233.248262},
  issn = {1049-331X}
}

@INPROCEEDINGS{rothermel98:empirical,
  author = {Gregg Rothermel and Mary Jean Harrold and Jeffery Ostrin and Christie
    Hong},
  title = {An Empirical Study of the Effects of Minimization on the Fault Detection
    Capabilities of Test Suites},
  booktitle = {Proc. International Conference on Software Maintenance},
  year = {1998},
  pages = {34--43},
  isbn = {0-8186-8779-7}
}

@ARTICLE{rothermel01:test,
  author = {Gregg Rothermel and Roland Untch and Chengyun Chu and Mary Jean Harrold},
  title = {Prioritizing Test Cases For Regression Testing},
  journal = {IEEE Trans. Softw. Eng.},
  year = {2001},
  volume = {27},
  pages = {929--948},
  number = {10}
}

@ARTICLE{rothermel01:prioritizing,
  author = {Gregg Rothermel and Roland J. Untch and Chengyun Chu},
  title = {Prioritizing Test Cases For Regression Testing},
  journal = {IEEE Trans. Softw. Eng.},
  year = {2001},
  volume = {27},
  pages = {929--948},
  number = {10},
  doi = {http://dx.doi.org/10.1109/32.962562},
  issn = {0098-5589},
  publisher = {IEEE Press}
}

@INPROCEEDINGS{rountev04:precise,
  author = {Atanas Rountev},
  title = {Precise Identification of Side-effect-free Methods in {Java}},
  booktitle = {Proc. 20th IEEE International Conference on Software Maintenance},
  year = {2004},
  pages = {82--91},
  month = {Sept.}
}

@INPROCEEDINGS{rountev03:fragment,
  author = {Atanas Rountev and Ana Milanova and Barbara G. Ryder},
  title = {Fragment class analysis for testing of polymorphism in Java software},
  booktitle = {Proc. the 25th international conference on Software engineering},
  year = {2003},
  pages = {210--220},
  publisher = {IEEE Computer Society},
  isbn = {0-7695-1877-X},
  location = {Portland, Oregon}
}

@BOOK{russell95:artificial,
  title = {Artificial Intelligence: A Modern Approach},
  publisher = {Prentice-Hall},
  year = {1995},
  author = {Stuart Russell and Peter Norvig},
  address = {Englewood Cliffs, NJ}
}

@INPROCEEDINGS{ryder01:change,
  author = {Barbara G. Ryder and Frank Tip},
  title = {Change impact analysis for object-oriented programs},
  booktitle = {Proc. ACM SIGPLAN-SIGSOFT Workshop on Program Analysis for Software
    Tools and Engineering},
  year = {2001},
  pages = {46--53},
  location = {Snowbird, Utah}
}

@INPROCEEDINGS{ryutov00:representation,
  author = {Tatyana Ryutov and Clifford Neuman},
  title = {Representation and Evaluation of Security Policies for Distributed
    System Services},
  booktitle = {Proc. DARPA Information Survivability Conference and Exposition},
  year = {2000},
  month = {January},
  url = {http://www.isi.edu/\ensuremath{\sim}tryutov/papers/discex2000.pdf}
}

@INPROCEEDINGS{saff05:automatic,
  author = {David Saff and Shay Artzi and Jeff H. Perkins and Michael D. Ernst},
  title = {Automatic test factoring for {Java}},
  booktitle = {Proc. 21st IEEE International Conference on Automated Software Engineering},
  year = {2005},
  address = {Long Beach, CA},
  month = {November}
}

@INPROCEEDINGS{saff04:automatic,
  author = {David Saff and Michael D. Ernst},
  title = {Automatic mock object creation for test factoring},
  booktitle = {Proc. ACM SIGPLAN/SIGSOFT Workshop on Program Analysis for Software
    Tools and Engineering (PASTE'04)},
  year = {2004},
  pages = {49--51},
  address = {Washington, DC},
  month = {June}
}

@INPROCEEDINGS{saff03:reducing,
  author = {David Saff and Michael D. Ernst},
  title = {Reducing wasted development time via continuous testing},
  booktitle = {Proc. 14th International Symposium on Software Reliability Engineering},
  year = {2003},
  pages = {281--292},
  address = {Denver, CO},
  month = {November}
}

@CONFERENCE{sahinoglu90:bayes,
  author = {M. Sahinoglu and E. H. Spafford},
  title = {A Bayes sequential statistical procedure for approving software products},
  booktitle = {Proceedings of the IFIP Conference on Approving Software Products},
  year = {1990},
  owner = {mar99999},
  timestamp = {2006.02.21}
}

@TECHREPORT{salcianu01:pointer,
  author = {Alexandru Salcianu},
  title = {Pointer analysis and its applications for {J}ava programs},
  institution = {MIT Laboratory for Computer Science},
  year = {2001},
  type = {Master's thesis}
}

@INPROCEEDINGS{salcianu05:purity,
  author = {Alexandru Salcianu and Martin Rinard},
  title = {Purity and Side Effect Analysis for {Java} Programs.},
  booktitle = {Proc. 6th International Conference on Verification, Model Checking
    and Abstract Interpretation},
  year = {2005},
  address = {Paris, France},
  month = {January}
}

@TECHREPORT{salcianu04:purity,
  author = {Alexandru Salcianu and Martin Rinard},
  title = {A Combined Pointer and Purity Analysis for {Java} Programs},
  institution = {MIT CSAIL},
  year = {2004},
  number = {MIT-LCS-TR-949},
  address = {Cambridge, MA},
  month = May
}

@ARTICLE{sandhu99:arbac,
  author = {Ravi Sandhu and Venkata Bhamidipati and Qamar Munawer},
  title = {The {ARBAC}97 Model for Role-Based Aministration of Roles},
  journal = {ACM Transactions on Information and Systems Security},
  year = {1999},
  volume = {2},
  pages = {105--135},
  number = {1},
  month = feb
}

@INPROCEEDINGS{schaad02:lightweight,
  author = {Andreas Schaad and Jonathan D. Moffett},
  title = {A lightweight approach to specification and analysis of role-based
    access control extensions},
  booktitle = {Proc. SACMAT},
  year = {2002},
  pages = {13--22},
  isbn = {1-58113-496-7}
}

@INPROCEEDINGS{schlenker02:pooc,
  author = {Hans Schlenker and Georg Ringwelski},
  title = {{POOC}: A Platform for Object-Oriented Constraint Programming},
  booktitle = {Proc. 2002 International Workshop on Constraint Solving and Constraint
    Logic Programming},
  year = {2002},
  pages = {159--170},
  month = {June},
  location = {Cork, Ireland}
}

@INPROCEEDINGS{schmid02:comprehensive,
  author = {Klaus Schmid},
  title = {A comprehensive product line scoping approach and its validation},
  booktitle = {Proc. the 24th international conference on Software engineering},
  year = {2002},
  pages = {593--603},
  publisher = {ACM Press},
  doi = {http://doi.acm.org/10.1145/581339.581415},
  isbn = {1-58113-472-X},
  location = {Orlando, Florida}
}

@INPROCEEDINGS{schroeder04:generating,
  author = {Patrick J. Schroeder and Pat Faherty and Bogdan Korel},
  title = {Generating expected results for automated black-box testing},
  booktitle = {Proc. 17th IEEE International Conference on Automated Software Engineering},
  year = {2002},
  pages = {139--148},
  month = {September},
  location = {Edinburgh, UK}
}

@INPROCEEDINGS{sen05:cute,
  author = {Koushik Sen and Darko Marinov and Gul Agha},
  title = {{CUTE}: A Concolic Unit Testing Engine for {C}},
  booktitle = {Proc. 5th joint meeting of the European Software Engineering Conference
    and ACM SIGSOFT Symposium on the Foundations of Software Engineering
    (ESEC/FSE)},
  year = {2005},
  pages = {263--272}
}

@INPROCEEDINGS{sirer02:access,
  author = {E.G. Sirer and K. Wang},
  title = {An Access Control Language for Web Services},
  booktitle = {{Proc. 7th ACM Symposium on Access Control Models and Technologies}},
  year = {2002},
  address = {Monterey, CA},
  month = {June}
}

@INPROCEEDINGS{bershad99:using,
  author = {Emin Gun Sirer and Brian N. Bershad},
  title = {Using production grammars in software testing},
  booktitle = {Proc. 2nd Conference on Domain-Specific Languages},
  year = {1999},
  pages = {1--13},
  location = {Austin, Texas}
}

@MISC{somenzi98:cudd,
  author = {F. Somenzi},
  title = {{CUDD: CU Decision Diagram Package}},
  howpublished = {\url{http://vlsi.colorado.edu/~fabio/CUDD/}}
}

@INPROCEEDINGS{souter01:incremental,
  author = {Amie L. Souter and Lori L. Pollock},
  title = {Incremental Call Graph Reanalysis for Object-Oriented Software Maintenance},
  booktitle = {Proc. the International Conference on Software Maintenance},
  year = {2001},
  pages = {682--691},
  publisher = {IEEE Computer Society}
}

@INPROCEEDINGS{souter03:testing,
  author = {Amie L. Souter and David Shepherd and Lori L. Pollock},
  title = {Testing with Respect to Concerns},
  booktitle = {Proc. International Conference on Software Maintenance},
  year = {2003},
  pages = {54}
}

@INPROCEEDINGS{srivastava02:effectively,
  author = {Amitabh Srivastava and Jay Thiagarajan},
  title = {Effectively prioritizing tests in development environment},
  booktitle = {Proc. International Symposium on Software Testing and Analysis},
  year = {2002},
  pages = {97--106},
  location = {Roma, Italy}
}

@INPROCEEDINGS{steven00:jrapture,
  author = {John Steven and Pravir Chandra and Bob Fleck and Andy Podgurski},
  title = {jRapture: A Capture/Replay tool for observation-based testing},
  booktitle = {Proc. 2000 ACM SIGSOFT International Symposium on Software Testing
    and Analysis},
  year = {2000},
  pages = {158--167},
  location = {Portland, Oregon}
}

@MISC{stotts98:java,
  author = {David Stotts and David Kennedy and Sheila Knight and Tim Preston
    and Ibrahim Salama},
  title = {The Java Tester tool},
  month = {April},
  year = {1998},
  source = {http://www.cs.unc.edu/~stotts/danish/web/}
}

@INPROCEEDINGS{stotts02:jax,
  author = {David Stotts and Mark Lindsey and Angus Antley},
  title = {An informal formal method for systematic {JUnit} test case generation},
  booktitle = {Proc. 2002 XP/Agile Universe},
  year = {2002},
  pages = {131--143},
  location = {Chicago, Illinois, United States}
}

@INPROCEEDINGS{cabal03:using,
  author = {Maria Jose Suarez-Cabal and Javier Tuya},
  title = {Using an {SQL} coverage measurement for testing database applications},
  booktitle = {Proc. ACM SIGSOFT International Symposium on Foundations of Software
    Engineering},
  year = {2004},
  pages = {253--262}
}

@INPROCEEDINGS{sullivan04:software,
  author = {Kevin Sullivan and Jinlin Yang and David Coppit and Sarfraz Khurshid
    and Daniel Jackson},
  title = {Software assurance by bounded exhaustive testing},
  booktitle = {Proc. 2004 ACM SIGSOFT International Symposium on Software Testing
    and Analysis},
  year = {2004},
  pages = {133--142},
  location = {Boston, Massachusetts}
}

@BOOK{szyperski98:component,
  title = {Component Software: Beyond Object-Oriented Programming},
  publisher = {ACM Press and Addison-Wesley},
  year = {1998},
  author = {Clemens Szyperski},
  address = {New York, NY},
  annotate = {An excellent overview of component-based programming. Many references.},
  key = {Szperski}
}

@INPROCEEDINGS{tan04:heuristic,
  author = {Jianbin Tan and George S. Avrunin and Lori A. Clarke and Shlomo Zilberstein
    and Stefan Leue},
  title = {Heuristic-guided counterexample search in {FLAVERS}},
  booktitle = {Proc. 12th ACM SIGSOFT International Symposium on Foundations of
    Software Engineering},
  year = {2004},
  pages = {201--210},
  location = {Newport Beach, CA, USA}
}

@INPROCEEDINGS{tarr99:degrees,
  author = {Peri Tarr and Harold Ossher and William Harrison and Stanley M. Sutton,
    Jr.},
  title = {N degrees of separation: multi-dimensional separation of concerns},
  booktitle = {Proc. 21st International Conference on Software Engineering},
  year = {1999},
  pages = {107--119}
}

@MISC{aspectj03:aspectj,
  author = {The AspectJ Team},
  title = {The {A}spect{J} Programming Guide},
  howpublished = {Online manual},
  year = {2003},
  url = {http://eclipse.org/aspectj/}
}

@INPROCEEDINGS{thompson93:information,
  author = {Margaret C. Thompson and Debra J. Richardson and Lori A. Clarke},
  title = {An information flow model of fault detection},
  booktitle = {Proc. International Symposium on Software Testing and Analysis},
  year = {1993},
  pages = {182--192},
  doi = {http://doi.acm.org/10.1145/154183.154270},
  isbn = {0-89791-608-5},
  location = {Cambridge, Massachusetts, United States}
}

@INPROCEEDINGS{tillmann05:parameterized,
  author = {Nikolai Tillmann and Wolfram Schulte},
  title = {Parameterized Unit Tests},
  booktitle = {Proc. 10th ESEC/FSE},
  year = {2005},
  location = {Lisbon, Portugal}
}

@INPROCEEDINGS{tonella04:evolutionary,
  author = {Paolo Tonella},
  title = {Evolutionary testing of classes},
  booktitle = {Proc. 2004 ACM SIGSOFT International Symposium on Software Testing
    and Analysis},
  year = {2004},
  pages = {119--128},
  location = {Boston, Massachusetts}
}

@INPROCEEDINGS{turner93:state,
  author = {Christopher D. Turner and David J. Robson},
  title = {The State-Based Testing of Object-Oriented Programs},
  booktitle = {Proc. International Conference on Software Maintenance},
  year = {1993},
  pages = {302--310},
  isbn = {0-8186-4600-4}
}

@INPROCEEDINGS{visser00:model,
  author = {Willem Visser and Klaus Havelund and Guillaume Brat and SeungJoon
    Park},
  title = {Model Checking Programs},
  booktitle = {Proc. 15th IEEE International Conference on Automated Software Engineering},
  year = {2000},
  pages = {3--12}
}

@INPROCEEDINGS{visser00:using,
  author = {William Visser and SeungJoon Park and John Penix},
  title = {Using predicate abstraction to reduce object-oriented programs for
    model checking},
  booktitle = {Proc. 3rd Workshop on Formal Methods in Software Practice},
  year = {2000},
  pages = {3--182},
  doi = {http://doi.acm.org/10.1145/349360.351125},
  isbn = {1-58113-262-X},
  location = {Portland, Oregon, United States}
}

@INPROCEEDINGS{visser04:test,
  author = {Willem Visser and Corina S. Pasareanu and Sarfraz Khurshid},
  title = {Test input generation with {J}ava {P}ath{F}inder},
  booktitle = {Proc. 2004 ACM SIGSOFT International Symposium on Software Testing
    and Analysis},
  year = {2004},
  pages = {97--107},
  isbn = {1-58113-820-2},
  location = {Boston, Massachusetts}
}

@INPROCEEDINGS{vivien01:incrementalized,
  author = {Fr\&\#233;d\&\#233;ric Vivien and Martin Rinard},
  title = {Incrementalized pointer and escape analysis},
  booktitle = {Proc. the ACM SIGPLAN 2001 conference on Programming language design
    and implementation},
  year = {2001},
  pages = {35--46},
  publisher = {ACM Press},
  doi = {http://doi.acm.org/10.1145/378795.378804},
  isbn = {1-58113-414-2},
  location = {Snowbird, Utah, United States}
}

@ARTICLE{voas92:pie,
  author = {Jeffrey M. Voas},
  title = {{PIE}: A Dynamic Failure-Based Technique},
  journal = {IEEE Transactions on Software Engineering},
  year = {1992},
  volume = {18},
  pages = {717--727},
  number = {8},
  doi = {http://dx.doi.org/10.1109/32.153381},
  issn = {0098-5589},
  publisher = {IEEE Press}
}

@INPROCEEDINGS{vokolos98:performance,
  author = {Filippos I. Vokolos and Elaine J. Weyuker},
  title = {Performance testing of software systems},
  booktitle = {Proc. 1st International Workshop on Software and Performance},
  year = {1998},
  pages = {80--87},
  location = {Santa Fe, New Mexico}
}

@INPROCEEDINGS{way98:using,
  author = {Tom Way and Lori Pollock},
  title = {Using Path Spectra to Direct Function Cloning},
  booktitle = {Proceedings of the 1998 Workshop on Profile and Feedback-directed
    Compilation},
  year = {1998},
  pages = {40--47},
  month = {October}
}

@INPROCEEDINGS{weiser81:program,
  author = {Mark Weiser},
  title = {Program slicing},
  booktitle = {Proc. 5th International Conference on Software Engineering},
  year = {1981},
  pages = {439--449},
  location = {San Diego, California, United States}
}

@BOOK{weiss99:software,
  title = {Software Product-Line Engineering - A Family-Based Software Development
    Process},
  publisher = {Addison Wesley},
  year = {1999},
  author = {David M/ Weiss and Robert C.T. Lai}
}

@BOOK{weiss99:data,
  title = {Data Structures and Algorithm Analysis in Java},
  publisher = {Addison Wesley},
  year = {1999},
  author = {Mark Allen Weiss}
}

@ARTICLE{weyuker94:automatically,
  author = {Elaine Weyuker and Tarak Goradia and Ashutosh Singh},
  title = {Automatically Generating Test Data from a Boolean Specification},
  journal = {IEEE Trans. Softw. Eng.},
  year = {1994},
  volume = {20},
  pages = {353--363},
  number = {5}
}

@ARTICLE{weyuker80:theories,
  author = {Elaine J. Weyuker and Thomas J. Ostrand},
  title = {Theories of Program Testing and the Application of Revealing Subdomains},
  journal = {IEEE Trans. Software Eng.},
  year = {1980},
  volume = {6},
  pages = {236-246},
  number = {3}
}

@ARTICLE{weyuker00:experience,
  author = {Elaine J. Weyuker and Filippos I. Vokolos},
  title = {Experience with Performance Testing of Software Systems: Issues,
    an Approach, and Case Study},
  journal = {IEEE Trans. Softw. Eng.},
  year = {2000},
  volume = {26},
  pages = {1147--1156},
  number = {12}
}

@INPROCEEDINGS{whaley02:automatic,
  author = {John Whaley and Michael C. Martin and Monica S. Lam},
  title = {Automatic extraction of object-oriented component interfaces},
  booktitle = {Proc. International Symposium on Software Testing and Analysis},
  year = {2002},
  pages = {218--228},
  doi = {http://doi.acm.org/10.1145/566172.566212},
  isbn = {1-58113-562-9},
  location = {Roma, Italy}
}

@INPROCEEDINGS{leung92:firewall,
  author = {L. White and H. K. N. Leung},
  title = {A firewall concept for both control-flow and data-flow in regression
    integration testing},
  booktitle = {Proc. International Conference on Software Maintenance},
  year = {1992},
  pages = {262--271}
}

@BOOK{whittaker03:how,
  title = {How to Break Software Security},
  publisher = {Addison-Wesley},
  year = {2003},
  author = {James A. Whittaker and Herbert H. Thompson}
}

@MISC{wilde03:recon,
  author = {Norman Wilde},
  title = {The RECON Software Reconnaissance tool},
  month = {Feburary},
  year = {2003},
  note = {\url{http://www.cs.uwf.edu/~recon/}},
  source = {http://www.cs.uwf.edu/~recon/}
}

@ARTICLE{wilde95:software,
  author = {Norman Wilde and Michael C. Scully},
  title = {Software reconnaissance: mapping program features to code},
  journal = {Journal of Software Maintenance},
  year = {1995},
  volume = {7},
  pages = {49--62},
  number = {1},
  publisher = {John Wiley \& Sons, Inc.}
}

@INPROCEEDINGS{winstead03:towards,
  author = {Joel Winstead and David Evans},
  title = {Towards Differential Program Analysis},
  booktitle = {Proc. ICSE 2003 Workshop on Dynamic Analysis},
  year = {2003},
  month = {May},
  location = {Portland, Oregon}
}

@PHDTHESIS{woit94:operational,
  author = {Denise M. Woit},
  title = {Operational profile specification, test case generation, and reliability
    estimation for modules},
  school = {Queen's University School of Computing},
  year = {1994},
  type = {{Ph.D.}},
  address = {Kingston, Ontario, Canada},
  month = {February}
}

@INPROCEEDINGS{woit93:specifying,
  author = {Denise M. Woit},
  title = {Specifying operational profiles for modules},
  booktitle = {Proc. International Symposium on Software Testing and Analysis},
  year = {1993},
  pages = {2--10},
  location = {Cambridge, Massachusetts}
}

@PHDTHESIS{wong93:mutation,
  author = {W. E. Wong},
  title = {On Mutation and Data Flow},
  school = {Purdue University},
  year = {1993},
  owner = {mar99999},
  timestamp = {2006.02.21}
}

@INPROCEEDINGS{wong94:constrained,
  author = {W. E. Wong and M. E. Delamaro and J.C. Maldonado and A. P. Mathur},
  title = {Constrained mutation in C programs},
  booktitle = {Proceedings of the 8th Brazilian Symposium on Software Engineering},
  year = {1994},
  pages = {439-452},
  address = {Curitiba, Brazil},
  month = {October},
  owner = {mar99999},
  timestamp = {2006.02.21}
}

@INPROCEEDINGS{wong97:study,
  author = {W. Eric Wong and Joseph R. Horgan and Saul London and Hira Agrawal
    Bellcore},
  title = {A Study of Effective Regression Testing in Practice},
  booktitle = {Proc. 8th International Symposium on Software Reliability Engineering},
  year = {1997},
  pages = {230--238}
}

@INPROCEEDINGS{wong95:effect,
  author = {W. Eric Wong and Joseph R. Horgan and Saul London and Aditya P. Mathur},
  title = {Effect of test set minimization on fault detection effectiveness},
  booktitle = {Proc. 17th International Conference on Software Engineering},
  year = {1995},
  pages = {41--50},
  location = {Seattle, Washington}
}

@INPROCEEDINGS{wong97:test,
  author = {W. Eric Wong and Joseph R. Horgan and Aditya P. Mathur and Alberto
    Pasquini},
  title = {Test Set Size Minimization and Fault Detection Effectiveness: A Case
    Study in a Space Application},
  booktitle = {Proc. 21st International Computer Software and Applications Conference},
  year = {1997},
  pages = {522--528},
  month = {August}
}

@INPROCEEDINGS{woodward88:weak,
  author = {M. R. Woodward and K. Halewood},
  title = {From weak to strong, dead or alive? An analysis of some mutation
    testing issues},
  booktitle = {Proceedings of the 2nd Workshop on Software Testing, Verification,
    and Analysis},
  year = {1988},
  owner = {mar99999},
  timestamp = {2006.02.21}
}

@INPROCEEDINGS{xie04:special,
  author = {Tao Xie},
  title = {Automatic Identification of Common and Special Object-Oriented Unit
    Tests},
  booktitle = {Proc. 17th Annual ACM SIGPLAN Conference on Object-Oriented Programming,
    Systems, Languages, and Applications (Companion)},
  year = {2004},
  pages = {324--325},
  location = {Vancouver, BC, Canada}
}

@TECHREPORT{xie04:improving,
  author = {Tao Xie and Darko Marinov and David Notkin},
  title = {Improving Generation of Object-Oriented Test Suites by Avoiding Redundant
    Tests},
  institution = {University of Washington Department of Computer Science and Engineering},
  year = {2004},
  type = {Technical Report},
  number = {UW-CSE-04-01-05},
  address = {Seattle, WA},
  month = {Jan.}
}

@INPROCEEDINGS{xie04:rostra,
  author = {Tao Xie and Darko Marinov and David Notkin},
  title = {Rostra: A Framework for Detecting Redundant Object-Oriented Unit
    Tests},
  booktitle = {Proc. 19th IEEE International Conference on Automated Software Engineering},
  year = {2004},
  pages = {196--205},
  month = {Sept.},
  location = {Linz, Austria}
}

@INPROCEEDINGS{xie05:symstra,
  author = {Tao Xie and Darko Marinov and Wolfram Schulte and David Notkin},
  title = {Symstra: A Framework for Generating Object-Oriented Unit Tests using
    Symbolic Execution},
  booktitle = {Proc. 11th International Conference on Tools and Algorithms for the
    Construction and Analysis of Systems},
  year = {2005},
  pages = {365--381},
  month = {April},
  location = {Edinburgh, U.K.}
}

@INPROCEEDINGS{xie06:automatic,
  author = {Tao Xie and Evan Martin and Hai Yuan},
  title = {Automatic Extraction of Abstract-Object-State Machines from Unit-Test
    Executions},
  booktitle = {Proc. 28th International Conference on Software Engineering (ICSE
    2006), Research Demonstrations},
  year = {2006},
  pages = {835--838},
  month = {May},
  location = {Shanghai, China},
  owner = {Administrator},
  timestamp = {2008.03.06},
  url = {http://www.csc.ncsu.edu/faculty/xie/publications/icse06demo.pdf}
}

@INPROCEEDINGS{xie04:automatic,
  author = {Tao Xie and David Notkin},
  title = {Automatic Extraction of Object-Oriented Observer Abstractions from
    Unit-Test Executions},
  booktitle = {Proc. 6th International Conference on Formal Engineering Methods},
  year = {2004},
  month = {Nov.},
  location = {Seattle, WA}
}

@TECHREPORT{xie04:automatically,
  author = {Tao Xie and David Notkin},
  title = {Automatically Identifying Special and Common Unit Tests Based on
    Inferred Statistical Algebraic Abstractions},
  institution = {University of Washington Department of Computer Science and Engineering},
  year = {2004},
  type = {Technical Report},
  number = {UW-CSE-04-08-03},
  address = {Seattle, WA},
  month = {August},
  url = {http://www.cs.washington.edu/homes/taoxie/publications/UW-CSE-04-08-03.pdf}
}

@INPROCEEDINGS{xie04:checking,
  author = {Tao Xie and David Notkin},
  title = {Checking inside the black box: Regression testing based on value
    spectra differences},
  booktitle = {Proc. International Conference on Software Maintenance},
  year = {2004},
  pages = {28-37},
  month = {September}
}

@INPROCEEDINGS{xie03:mutually,
  author = {Tao Xie and David Notkin},
  title = {Mutually Enhancing Test Generation and Specification Inference},
  booktitle = {Proc. 3rd International Workshop on Formal Approaches to Testing
    of Software},
  year = {2003},
  volume = {2931},
  series = {LNCS},
  pages = {60--69}
}

@INPROCEEDINGS{xie03:tool,
  author = {Tao Xie and David Notkin},
  title = {Tool-Assisted Unit Test Selection Based on Operational Violations},
  booktitle = {Proc. 18th IEEE International Conference on Automated Software Engineering},
  year = {2003},
  pages = {40--48},
  location = {Montreal, Canada}
}

@TECHREPORT{xie02:checking,
  author = {Tao Xie and David Notkin},
  title = {Checking Inside the Black Box: Regression Fault Exposure and Localization
    Based on Value Spectra Differences},
  institution = {University of Washington Department of Computer Science and Engineering},
  year = {2002},
  type = {Technical Report},
  number = {UW-CSE-02-12-04},
  address = {Seattle, WA},
  month = {December}
}

@INPROCEEDINGS{xie05:automatic,
  author = {Tao Xie and Jianjun Zhao and Darko Marinov and David Notkin},
  title = {Automated Test Generation for {AspectJ} Program},
  booktitle = {Proc. AOSD 05 Workshop on Testing Aspect-Oriented Programs (WTAOP
    05)},
  year = {2005},
  month = {March},
  location = {Chicago, Illinois},
  url = {http://www.cs.washington.edu/homes/taoxie/publications/aspectjtestgen.pdf}
}

@TECHREPORT{xie04:detecting,
  author = {Tao Xie and Jianjun Zhao and Darko Marinov and David Notkin},
  title = {Detecting Redundant Unit Tests for {AspectJ} Programs},
  institution = {University of Washington Department of Computer Science and Engineering},
  year = {2004},
  type = {Technical Report},
  number = {UW-CSE-04-10-03},
  address = {Seattle, WA},
  month = {October},
  url = {http://www.cs.washington.edu/homes/taoxie/publications/UW-CSE-04-10-03.pdf}
}

@INPROCEEDINGS{xu04:generating,
  author = {Lihua Xu and Marcio S. Dias and Debra J. Richardson},
  title = {Generating Regression Tests via Model Checking.},
  booktitle = {Proc. 28th International Computer Software and Applications Conference
    (COMPSAC 2004)},
  year = {2004},
  pages = {336-341},
  month = {Setempter},
  location = {Hong Kong, China}
}

@INPROCEEDINGS{xu04:aspect,
  author = {Weifeng Xu and Dianxiang Xu and Vivek Goel and Ken Nygard},
  title = {Aspect Flow Graph for Testing Aspect-Oriented Programs},
  booktitle = {Proc. 8th IASTED International Conference on Software Engineering
    and Applications},
  year = {2004}
}

@INPROCEEDINGS{yang04:dynamically,
  author = {Jinlin Yang and David Evans},
  title = {Dynamically inferring temporal properties},
  booktitle = {Proc. ACM-SIGPLAN-SIGSOFT Workshop on Program Analysis for Software
    Tools and Engineering},
  year = {2004},
  pages = {23--28},
  doi = {http://doi.acm.org/10.1145/996821.996832},
  isbn = {1-58113-910-1},
  location = {Washington DC, USA}
}

@INPROCEEDINGS{young03:symbiosis,
  author = {Michal Young},
  title = {Symbiosis of static analysis and program testing},
  booktitle = {Proc. 6th International Conference on Fundamental Approaches to Software
    Engineering},
  year = {2003},
  pages = {1--5},
  month = {April}
}

@INPROCEEDINGS{yuan2006:FIREMAN,
  author = {Lihua Yuan and Jianning Mai and Zhendong Su and Hao Chen and Chen-Nee
    Chuah and Prasant Mohapatra},
  title = {{FIREMAN}: A Toolkit for {FIREwall} {Modeling} and {ANalysis}},
  booktitle = {Proc. S\&P},
  year = {2006},
  pages = {199--213},
  month = {May}
}

@INPROCEEDINGS{yur99:incremental,
  author = {Jyh-shiarn Yur and Barbara G. Ryder and William A. Landi},
  title = {An incremental flow- and context-sensitive pointer aliasing analysis},
  booktitle = {Proc. the 21st international conference on Software engineering},
  year = {1999},
  pages = {442--451},
  publisher = {IEEE Computer Society Press},
  isbn = {1-58113-074-0},
  location = {Los Angeles, California, United States}
}

@MASTERSTHESIS{zaytsev04:combinatorial,
  author = {Vadim V.~Zaytsev},
  title = {Combinatorial Test Set Generation: Concepts, Implementation, Case
    Study},
  school = {Universiteit Twente},
  year = {2004},
  address = {Enschede, The Netherlands},
  month = {June}
}

@INPROCEEDINGS{zeller02:isolating,
  author = {Andreas Zeller},
  title = {Isolating cause-effect chains from computer programs},
  booktitle = {Proc. the 10th ACM SIGSOFT Symposium on Foundations of Software Engineering},
  year = {2002},
  pages = {1--10},
  doi = {http://doi.acm.org/10.1145/587051.587053},
  isbn = {1-58113-514-9},
  location = {Charleston, South Carolina, USA}
}

@INPROCEEDINGS{zeller99:yesterday,
  author = {Andreas Zeller},
  title = {Yesterday, my program worked. {Today}, it does not. {Why}?},
  booktitle = {Proc. the 7th ESEC/FSE},
  year = {1999},
  pages = {253--267},
  doi = {http://doi.acm.org/10.1145/318773.318946},
  isbn = {3-540-66538-2},
  location = {Toulouse, France}
}

@INPROCEEDINGS{zhang05:evaluating,
  author = {Nan Zhang and Mark Ryan and Dimitar P. Guelev},
  title = {Evaluating Access Control Policies Through Model Checking},
  booktitle = {Proc. InfoSec},
  year = {2005},
  pages = {446-460},
  location = {Singapore},
}

@INPROCEEDINGS{zhang04:synthesis,
  author = {Nan Zhang and Mark Ryan and Dimitar P. Guelev},
  title = {Synthesising verified access control systems in {XACML}},
  booktitle = {Proc. FMSE},
  year = {2004},
  pages = {56--65},
  location = {Washington DC}
}

@INPROCEEDINGS{zhao03:data,
  author = {Jianjun Zhao},
  title = {Data-Flow-Based Unit Testing of Aspect-Oriented Programs},
  booktitle = {Proc. 27th IEEE International Computer Software and Applications
    Conference},
  year = {2003},
  pages = {188-197},
  month = {Nov.}
}

@INPROCEEDINGS{zhao02:tool,
  author = {Jianjun Zhao},
  title = {Tool Support for Unit Testing of Aspect-Oriented Software},
  booktitle = {Proc. OOPSLA'2002 Workshop on Tools for Aspect-Oriented Software
    Development},
  year = {2002},
  month = {Nov.}
}

@INPROCEEDINGS{zhao03:pipa,
  author = {Jianjun Zhao and Martin Rinard},
  title = {Pipa: A Behavioral Interface Specification Language for {A}spect{J}},
  booktitle = {Proc. Fundamental Approaches to Software Engineering},
  year = {2003},
  pages = {150-165},
  month = {April}
}

@ARTICLE{zhu97:software,
  author = {Hong Zhu and Patrick A. V. Hall and John H. R. May},
  title = {Software unit test coverage and adequacy},
  journal = {ACM Comput. Surv.},
  year = {1997},
  volume = {29},
  pages = {366--427},
  number = {4}
}

@INPROCEEDINGS{zimmermann04:mining,
  author = {Thomas Zimmermann and Peter WeiBgerber and Stephan Diehl and Andreas
    Zeller},
  title = {Mining Version Histories to Guide Software Changes},
  booktitle = {Proc. International Conference on Software Engineering},
  year = {2004},
  location = {Edinburgh, UK}
}

@INPROCEEDINGS{zimmermann01:visualizing,
  author = {Thomas Zimmermann and Andreas Zeller},
  title = {Visualizing Memory Graphs},
  booktitle = {the Dagstuhl Seminar on Software Visualization},
  year = {2001},
  volume = {2269},
  series = {LNCS},
  pages = {191--204},
  publisher = {Springer-Verlag}
}

@INPROCEEDINGS{ziv97:constructing,
  author = {Hadar Ziv and Debra J. Richardson},
  title = {Constructing Bayesian-network models of software testing and maintenance
    uncertainties},
  booktitle = {Proc. the International Conference on Software Maintenance},
  year = {1997},
  pages = {100--109},
  publisher = {IEEE Computer Society},
  isbn = {0-8186-8013-X}
}

@MISC{commons05,
  title = {{The Jakarta Commons Subproject}},
  year = {2005},
  note = {\url{http://jakarta.apache.org/commons/lang/apidocs/org/apache/commons/lang/builder/EqualsBuilder.html}},
  key = {Apache},
  keywords = {testing}
}

@MISC{net05:xacml,
  title = {{XACML.NET}},
  howpublished = {\url{http://mvpos.sourceforge.net/}},
  year = {2005}
}

@MISC{oasis05:xacml,
  title = {{OASIS eXtensible Access Control Markup Language (XACML)}},
  howpublished = {\url{http://www.oasis-open.org/committees/xacml/}},
  year = {2005}
}

@MISC{sun05:xacml,
  title = {{Sun's XACML implementation}},
  howpublished = {\url{http://sunxacml.sourceforge.net/}},
  year = {2005}
}

@MISC{abbot04:abbot,
  title = {Abbot 0.13.1},
  year = {2004},
  note = {\url{http://abbot.sourceforge.net/}},
  key = {Abbot}
}

@MISC{agitar04:agitator,
  title = {Agitar {A}gitatior 2.0},
  month = {Novermber},
  year = {2004},
  note = {\url{http://www.agitar.com/}},
  key = {Agitar}
}

@MISC{aspectj04:aspectj,
  title = {{A}spect{J} compiler 1.2},
  month = {May},
  year = {2004},
  note = {\url{http://eclipse.org/aspectj/}}
}

@MISC{daikon04:daikon,
  title = {Publications using the {D}aikon invariant detector tool},
  year = {2004},
  note = {\url{http://www.pag.csail.mit.edu/daikon/pubs-using/}},
  key = {Daikon}
}

@MISC{dbunit04:dbunit,
  title = {Db{U}nit 2.1},
  year = {2004},
  note = {\url{http://dbunit.sourceforge.net/}},
  key = {DbUnit}
}

@MISC{msvs04:microsoft,
  title = {Microsoft {V}isual {S}tudio {D}eveloper {C}enter},
  year = {2004},
  note = {\url{http://msdn.microsoft.com/vstudio/}},
  key = {Microsoft {V}isual {S}tudio {D}eveloper {C}enter}
}

@MISC{parasoft04unused:jtest,
  title = {Parasoft {J}test manuals version 5.1},
  howpublished = {Online manual},
  month = {July},
  year = {2004},
  note = {\url{http://www.parasoft.com/}},
  key = {Parasoft}
}

@MISC{hansel03,
  title = {Hansel 1.0},
  year = {2003},
  note = {\url{http://hansel.sourceforge.net/}},
  key = {Hansel 1.0},
  keywords = {testing}
}

@MISC{jcoverage03:jcoverage,
  title = {JCoverage 1.0.5},
  year = {2003},
  note = {\url{http://jcoverage.com/}},
  key = {JCoverage}
}

@MISC{parasoft03:jtest,
  title = {Parasoft {J}test manuals version 4.5},
  howpublished = {Online manual},
  month = {April},
  year = {2003},
  note = {\url{http://www.parasoft.com/}},
  key = {Parasoft}
}

@MISC{quilt03:quilt,
  title = {Quilt 0.6a},
  month = {October},
  year = {2003},
  note = {\url{http://quilt.sourceforge.net/}},
  key = {Quilt}
}

@MISC{robot03:robot,
  title = {{IBM} {R}ational {R}obot v2003},
  year = {2003},
  note = {\url{http://www-306.ibm.com/software/awdtools/tester/robot/}},
  key = {Robot}
}

@TECHREPORT{nist02:economic,
  title = {National {I}nstitute of {S}tandards and {T}echnology. {T}he economic
    impacts of inadequate infrastructure for software testing},
  year = {2002},
  type = {Planning Report},
  number = {02-3},
  month = {May},
  key = {NIST}
}

@MANUAL{sun01:java2,
  title = {{J}ava 2 {P}latform, {S}tandard {E}dition, v1.3.1 {API} {S}pecification},
  organization = {{S}un {M}icrosystems},
  year = {2001},
  note = {\url{http://java.sun.com/j2se/1.3/docs/api/}}
}
