
%
%  $Description: Sample bibliography$ 
% 
%

@INPROCEEDINGS{thummalapenta07:parseweb,
    author = {Thummalapenta, S. and Xie, T.},
    title = {{PARSEWeb}: A Programmer Assistant for Reusing Open Source Code on the Web},
    booktitle = {Proc. ASE},
    year = {2007}, 
    pages= {204--213},
}

@INPROCEEDINGS{thummalapenta08:spotweb,
    author = {Thummalapenta, S. and Xie, T.},
    title = {{SpotWeb}: Detecting Framework Hotspots and Coldspots via Mining Open Source Code on the Web},
    booktitle = {Proc. ASE},
    pages     = {327--336},
    year = {2008}, 
}

@INPROCEEDINGS{WeimerN05,
	author = {Weimer, W. and Necula, G.},
	title = {Mining Temporal Specifications for Error Detection},
	booktitle = {Proc. TACAS},
	year = {2005},
	pages = {461--476},
}

@INPROCEEDINGS{Weimer04,
	author = {Weimer, W. and Necula, G.},
	title = {Finding and preventing run-time error handling mistakes},
	booktitle = {Proc. OOPSLA},
	year = {2004},
	pages = {419--431},
}

@INPROCEEDINGS{burick:mafia,
 author = {Burdick, D. and Calimlim, M. and Gehrke, J.},
 title = "{MAFIA}: {A} {M}aximal {F}requent {I}temset {A}lgorithm for {T}ransactional {D}atabases.",
 booktitle = {Proc. ICDE},
 year = {2001},
 pages = {443--452},
 }

@INPROCEEDINGS{thummalapenta08:msr:spotweb,
    author = {Suresh Thummalapenta and Tao Xie},
    title = {{SpotWeb}: Detecting Framework Hotspots via Mining Open Source Repositories on the Web},
    booktitle = {Proc. MSR},
    year = {2008}, 
}

@INPROCEEDINGS{acharya07techreporterrorhandling,
    author = {Mithun Acharya and Tao Xie},
    title = {Mining {API} Error-Handling Specifications from Source Code},
    booktitle = {Proc. FASE},
    year = {2009}, 
}

@TECHREPORT{thummalapenta07techreportnegweb,
    author = {Suresh Thummalapenta and Tao Xie},
    title = "{{NEGWeb}: Static Defect Detection via Searching Billions of Lines of Open Source Code}",
    institution = {North Carolina State University Department of Computer Science},
    year = {2007},
    type = {Technical Report},
    number = {TR-2007-24},
    address = {Raleigh, NC},
    month = {August},
}

@ARTICLE{exception:sinha,
 author = {Sinha, S. and Harrold, M.},
 title = {Analysis and Testing of Programs with Exception Handling Constructs},
 journal = {IEEE Trans. Softw. Eng.},
 volume = {26},
 number = {9},
 year = {2000},
 issn = {0098-5589},
 pages = {849--871},
 doi = {http://dx.doi.org/10.1109/32.877846},
 publisher = {IEEE Press},
 address = {Piscataway, NJ, USA},
 } 
 
@inproceedings{Zhenmin2005PRMiner,
  author    = {Zhenmin Li and Yuanyuan Zhou},
  title     = {{PR-Miner}: Automatically Extracting Implicit Programming Rules and Detecting Violations in Large Software Codes},
  booktitle = {Proc. ESEC/FSE},
  year      = {2005},
  pages     = {306-315},
}

@INPROCEEDINGS{acharya06:mining,
    author = {Mithun Acharya and Tao Xie and Jun Xu},
    title = "{Mining Interface Specifications for Generating Checkable Robustness Properties}",
    booktitle = {Proc. ISSRE},
    year = {2006},
    pages = {311--320}, 
}

@inproceedings{chang07:finding,
 author = {Ray-Yaung Chang and Andy Podgurski and Jiong Yang},
 title = "{Finding what's not there: a new approach to revealing neglected conditions in software}",
 booktitle = {Proc. ISSTA},
 year = {2007},
 pages = {163--173},
 }

@INPROCEEDINGS{acharya07:mining,
    author = {Mithun Acharya and Tao Xie and Jian Pei and Jun Xu},
    title = "{Mining {API} Patterns as Partial Orders from Source Code: From Usage Scenarios to Specifications}",
    booktitle = {Proc. ESEC/FSE},
    year = {2007},
    pages = {25--34},
}

@INPROCEEDINGS{wasylkowski07:detecting,
    author = {Andrzej Wasylkowski and Andreas Zeller and Christian Lindig},
    title = {Detecting Object Usage Anomalies},
    booktitle = {Proc. ESEC/FSE},
    year = {2007},
    pages = {35--44},
}

@inproceedings{ livshits05dynamine,
    title = {{DynaMine}: Finding Common Error Patterns by Mining Software Revision Histories},
    author = "V. Benjamin Livshits and Thomas Zimmermann",
    year = "2005",
    booktitle = "Proc. ESEC/FSE",
    pages = {296--305}
}

@TECHREPORT{thummalapenta07negweb,
    author = "Suresh Thummalapenta and Tao Xie",
    title = "{NEGWeb}: Static Defect Detection via Searching Billions of Lines of Open Source Code",
    institution = {North Carolina State University Department of Computer Science},
    year = {2007},
    type = {Technical Report},
    number = {TR-2007-24},   
}
 
@inproceedings{Engler2001deviant,
 author = {Dawson Engler and David Yu Chen and Seth Hallem and Andy Chou and Benjamin Chelf},
 title = "{Bugs as deviant behavior: a general approach to inferring errors in systems code}",
 booktitle = {Proc. SOSP},
 year = {2001},
 isbn = {1-58113-389-8},
 pages = {57--72},
 }
 
@inproceedings{Fu:exception-chain,
 author = {Chen Fu and Barbara G. Ryder},
 title = {Exception-Chain Analysis: Revealing Exception Handling Architecture in {J}ava Server Applications},
 booktitle = {Proc. ICSE},
 year = {2007},
 pages = {230--239}, 
 } 

@inproceedings{Fu:web-service-testing,
 author = {Chen Fu and Barbara G. Ryder and Ana Milanova and David Wonnacott},
 title = {Testing of {J}ava Web Services for Robustness},
 booktitle = {Proc. ISSTA},
 year = {2004},
 pages = {23--33}, 
 } 

@inproceedings{deline:high-level,
 author = {Robert DeLine and Manuel F\"{a}hndrich},
 title = {Enforcing High-Level Protocols in Low-Level Software},
 booktitle = {Proc. PLDI},
 year = {2001},
 pages = {59--69},
 }

@inproceedings{robillard:robust,
 author = {Martin P. Robillard and Gail C. Murphy},
 title = "{Designing Robust Java Programs with Exceptions}",
 booktitle = {Proc. FSE},
 year = {2000},
 pages = {2--10},
 } 
 
%%%%%% OTHERS %%%%%%%%%%
@misc{GCSE,
  key = {GCSE},
  title = "Google {C}ode {S}earch {E}ngine",
  note = {\url{http://www.google.com/codesearch}},
  keywords = {code search engine},
  year = {2006},
}

@misc{EclipseJDT,
  key = {EclipseJDT},
  title = "Java tool smithing extending the {E}clipse {J}ava {D}evelopment {T}ools",
  author = {Aeschlimann, M. and Baumer, D. and Lanneluc., J.},
  keywords = {Eclipse JDT},
  year = {2005},
}

@inproceedings{ Jex:Robillard,
	author = "Martin P. Robillard and Gail C. Murphy", 
  title = "Analyzing Exception Flow in {J}ava Programs",
  booktitle = {Proc. ESEC/FSE},
  year = "1999",
  pages = "322--337",
}

@misc{JEX,
  key = {JEX},
  title = "{J}ex, {A} {T}ool for {A}nalyzing {E}xception {F}low in {J}ava {P}rograms",
  note = {\url{http://www.cs.mcgill.ca/~swevo/jex/}},
  keywords = {code search engine},
  year = {2006},
}

@misc{Jung,
  key = {Jung},
  title = "JUNG — the {J}ava {U}niversal {N}etwork/{G}raph {F}ramework",
  note = {\url{http://jung.sourceforge.net/}},
  keywords = {Jung},
  year = {2005},
}

@misc{KODERS,
  key = {KODERS},
  title = "The {K}oders source code search engine",
  note = {\url{http://www.koders.com}},
  keywords = {code search engine},
  year = {2005},
}

@misc{KRUGLE,
  key = {KRUGLE},
  title = "The {K}rugle code search for developers",
  note = {\url{http://www.krugle.com}},
  keywords = {code search engine},
  year = {2006},
}

@inproceedings{wang:bide,
 author = {Jianyong Wang and Jiawei Han},
 title = {{BIDE}: Efficient Mining of Frequent Closed Sequences},
 booktitle = {Proc. ICDE},
 year = {2004},
 pages = {79--88},
}

@INPROCEEDINGS{document:leth,
 author = {Lethbridge, T.C. and Singer, J. and Forward, A.},
 title = {How software engineers use documentation: The state of the practice.},
 booktitle = {IEEE Software},
 year = {2003},
 pages = {35--39},
 }
 
@inproceedings{Fu:ExTest,
 author = {Chen Fu and Barbara G. Ryder},
 title = {Navigating error recovery code in {J}ava applications},
 booktitle = {Proc. ETX},
 year = {2005},
 pages = {40--44},
 }
 
@inproceedings{Michail:mining,
 author = {Amir Michail},
 title = {Data mining library reuse patterns using generalized association rules},
 booktitle = {Proc. ICSE},
 year = {2000},
 pages = {167--176},
 }

@inproceedings{agarwal:association,
 author = {Rakesh Agrawal and Ramakrishnan Srikant},
 title = {Fast Algorithms for Mining Association Rules in Large Databases},
 booktitle = {Proc. VLDB},
 year = {1994},
 pages = {487--499},
 }

@inproceedings{thorsten:mining,
 author = {Thorsten Sch\"{a}fer and Jan Jonas and Mira Mezini},
 title = {Mining framework usage changes from instantiation code},
 booktitle = {Proc. ICSE},
 year = {2008},
 pages = {471--480},
 }
 
@inproceedings{gabel:javert,
 author = {Mark Gabel and Zhendong Su},
 title = "{Javert: fully automatic mining of general temporal properties from dynamic traces}",
 booktitle = {Proc. FSE},
 year = {2008},
 pages = {339--349},
 }

@INPROCEEDINGS{Yang06perracotta:mining,
    author = {Jinlin Yang and David Evans},
    title = "{Perracotta: mining temporal API rules from imperfect traces}",
    booktitle = {Proc. ICSE},
    year = {2006},
    pages = {282--291},    
}
 