
%
%  $Description: Sample bibliography$
%
%  $Author: ienne $
%  $Date: 1995/09/15 15:19:53 $
%  $Revision: 1.3 $
%
@inproceedings{zhong2010mining,
  title={{Mining API mapping for language migration}},
  author={Zhong, H. and Thummalapenta, S. and Xie, T. and Zhang, L. and Wang, Q.},
  booktitle={Proc. 32nd ICSE},
  pages={195--204},
  year={2010},
}
@inproceedings{daniel2007automated,
  title={Automated testing of refactoring engines},
  author={Daniel, B. and Dig, D. and Garcia, K. and Marinov, D.},
  booktitle={Proc. 6th ESEC/FSE},
  pages = {185--194},
  year={2007}
}


@article{GoodenoughG75,
  author    = {John B. Goodenough and
               Susan L. Gerhart},
  title     = {Toward a Theory of Test Data Selection},
  journal   = {IEEE Transaction on Software Engineering},
  volume    = {1},
  number    = {2},
  year      = {1975},
  pages     = {156-173}
}
@article{zhu1997software,
  title={{Software unit test coverage and adequacy}},
  author={Zhu, H. and Hall, P.A.V. and May, J.H.R.},
  journal={ACM Computing Surveys},
  volume={29},
  number={4},
  pages={427},
  year={1997},
}
@inproceedings{wu2010aura,
  title={{AURA: a hybrid approach to identify framework evolution}},
  author={Wu, W. and Gu{\'e}h{\'e}neuc, Y.G. and Antoniol, G. and Kim, M.},
  booktitle={Proc. 32nd ICSE},
  pages={325--334},
  year={2010},
}
@inproceedings{Garcia2003,
 author = {Garcia, Ronald and Jarvi, Jaakko and Lumsdaine, Andrew and Siek, Jeremy G. and Willcock, Jeremiah},
 title = {A comparative study of language support for generic programming},
 booktitle = {Proc. 18th OOPSLA},
 pages = {115--134},
  year = {2003},
}
@article{prechelt2000empirical,
  title={{An empirical comparison of seven programming languages}},
  author={Prechelt, L.},
  journal={Computer},
  volume={33},
  number={10},
  pages={23--29},
  year={2000},
}
@article{shafi2009comparative,
  title={{A comparative study of Java and C performance in two large-scale parallel applications}},
  author={Shafi, A. and Carpenter, B. and Baker, M. and Hussain, A.},
  journal={Concurrency and Computation: Practice and Experience},
  volume={21},
  number={15},
  pages={1882--1906},
  year={2009},
  publisher={John Wiley \& Sons}
}
@article{yoo2009tr,
  title={Regression Testing Minimisation, Selection and Prioritisation: A Survey},
  author={Yoo, S. and Harman, M.},
  journal={Journal of Software Testing, Verification and Reliability},
  year={to appear}
}

@book{puvvala2004net,
  title={{NET for Java developers migrating to C\#}},
  author={Puvvala, J. and Pota, A.},
  year={2004},
  publisher={Addison-Wesley}
}

@article{budd1998c++,
  title={{C++ for Java programmers}},
  author={Budd, T.},
  year={1998},
  publisher={Addison-Wesley}
}
@article{944589,
 author = {Hericko, Marjan and Juric, Matjaz B. and Rozman, Ivan and Beloglavec, Simon and Zivkovic, Ales},
 title = {Object serialization analysis and comparison in {Java and .NET}},
 journal = {ACM SIGPLAN Notices},
 volume = {38},
 number = {8},
 year = {2003},
 issn = {0362-1340},
 pages = {44--54},
 }
 @article{paul2006comparing,
  title={{Comparing Java and. NET security: Lessons learned and missed}},
  author={Paul, N. and Evans, D.},
  journal={Computers \& Security},
  volume={25},
  number={5},
  pages={338--350},
  year={2006},
}




@article{cabral2007exception,
  title={Exception handling: A field study in {Java and. Net}},
  author={Cabral, B. and Marques, P.},
  journal={Proc. 21st ECOOP},
  pages={151--175},
  year={2007},
}




@article{mckeeman1998differential,
  title={{Differential testing for software}},
  author={McKeeman, W.M.},
  journal={Digital Technical Journal},
  volume={10},
  number={1},
  pages={100--107},
  year={1998},
  publisher={Citeseer}
}

@inproceedings{thummalapenta09:mseqgen,
    author = {Suresh Thummalapenta and Tao Xie and Nikolai Tillmann and Peli de Halleux and Wolfram Schulte},
    title = {{MSeqGen}: Object-Oriented Unit-Test Generation via Mining Source Code},
    booktitle = {Proc. 7th ESEC/FSE},
    year = {2009},
    pages={193--202},
}
@article{CanforaFFT08,
  author    = {Gerardo Canfora and
               Anna Rita Fasolino and
               Gianni Frattolillo and
               Porfirio Tramontana},
  title     = {A wrapping approach for migrating legacy system interactive
               functionalities to Service Oriented Architectures},
  journal   = {Journal of Systems and Software},
  volume    = {81},
  number    = {4},
  year      = {2008},
  pages     = {463-480},
}
@inproceedings{cook1999highly,
  title={Highly reliable upgrading of components},
  author={Cook, J.E. and Dage, J.A.},
  booktitle={Proc. 21st ICSE},
  pages={203--212},
  year={1999},
}

@inproceedings{dig2009refactoring,
  title={{Refactoring sequential Java code for concurrency via concurrent libraries}},
  author={Dig, D. and Marrero, J. and Ernst, M.D.},
  booktitle={Proc 31st ICSE},
  pages={397--407},
  year={2009},
}
@article{robillard2009makes,
  title={What makes {APIs} hard to learn? answers from developers},
  author={Robillard, M.P.},
  journal={IEEE Software},
  pages={27--34},
  year={2009},
  publisher={IEEE Computer Society}
}
@inproceedings{jin2010automated,
  title={Automated Behavioral Regression Testing},
  author={Jin, W. and Orso, A. and Xie, T.},
  booktitle={Proc. 3rd ICST},
  pages={137--146},
  year={2010},
}
@inproceedings{orso1using,
  title={Using component metacontent to support the regression testing of component-based software},
  author={Orso, A. and Harrold, M.J. and Rosenblum, D. and Rothermel, G. and Soffa, M.L. and Do, H.},
  booktitle={Proc. ICSM},
  pages={716--725},
  year={2001},
}


@inproceedings{nita2010using,
  title={{Using twinning to adapt programs to alternative APIs}},
  author={Nita, M. and Notkin, D.},
  booktitle={Proc, 32nd ICSE},
  pages={205--214},
  year={2010},
}
@inproceedings{henkel2005catchup,
  title={{CatchUp!: capturing and replaying refactorings to support API evolution}},
  author={Henkel, J. and Diwan, A.},
  booktitle={Proce. 27th ICSE},
  pages = {274--283},
  year={2005},
}

@article{andrews2003test,
  title={Test adequacy criteria for UML design models},
  author={Andrews, A. and France, R. and Ghosh, S. and Craig, G.},
  journal={Software Testing, Verification and Reliability},
  volume={13},
  number={2},
  pages={95--127},
  year={2003},
}
@inproceedings{maes1987concepts,
  title={{Concepts and experiments in computational reflection}},
  author={Maes, P.},
  booktitle={Proc. OOPSLA},
  pages={147--155},
  year={1987},
}
@inproceedings{xie09:fitness,
    author = {Tao Xie and Nikolai Tillmann and Peli de Halleux and Wolfram Schulte},
    title = {Fitness-Guided Path Exploration in Dynamic Symbolic Execution},
    booktitle = {Proc. 39th DSN},
    year = {2009},
    pages     = {359--368},
    url = {http://www.csc.ncsu.edu/faculty/xie/publications/dsn09-fitnex.pdf},
}
@inproceedings{pacheco2007feedback,
  title={{Feedback-directed random test generation}},
  author={Pacheco, C. and Lahiri, S.K. and Ernst, M.D. and Ball, T.},
  booktitle={Proc. 29th ICSE},
  pages={75--84},
  year={2007},
}
@inproceedings{tillmann2008pex,
  title={{Pex: white box test generation for. NET}},
  author={Tillmann, N. and De Halleux, J.},
  booktitle={Proc. 2nd TAP},
  pages={134--153},
  year={2008},
}
@book{sebesta2002concepts,
  title={{Concepts of programming languages}},
  author={Sebesta, R.W.},
  year={2002},
  publisher={Addison-Wesley New York}
}

@mastersthesis{spenkelink2007porting,
  title={{Porting Compose* to the Java Platform}},
  author={Spenkelink, R.D.},
  year={2007},
  school={University of Twente}
}
@phdthesis{garcia-compose,
  title={{Compose* A Runtime for the. Net Platform}},
  author={Garcia, C.F.N.},
  year={2003},
  school={University of Twente}
}
@phdthesis{sen2006scalable,
  title={{Scalable automated methods for dynamic program analysis}},
  author={Sen, K.},
  school={UIUC},
  year={2006},
}

@inproceedings{AgtashAEMBS06,
  author    = {Salem Y. Al-Agtash and
               Tamer Al-Dwairy and
               Adnan El-Nasan and
               Bruce Mull and
               Mamdouh Barakat and
               Anas Shqair},
  title     = {Re-Engineering {BLUE} Financial System Using Round-Trip Engineering
               and {Java} Language Conversion Assistant},
  booktitle = {SERP},
  year      = {2006},
  pages     = {657-663},
}

@inproceedings{engler2001bib,
  title={{Bugs as inconsistent behavior: A general approach to inferring errors in systems code}},
  author={Engler, D.R. and Chen, D.Y. and Chou, A.},
  booktitle={Proc. 18th SOSP},
  pages={57--72},
  year={2001}
}
@inproceedings{zhong09:inferring,
    author = {Hao Zhong and Lu Zhang and Tao Xie and Hong Mei},
    title = {Inferring Resource Specifications from Natural Language {API} Documentation},
    booktitle = {Proc. 24th ASE},
    year = {2009},
    pages = {307-318}
}
@inproceedings{zhong09:mapo,
    author = {Hao Zhong and Tao Xie and Lu Zhang and Jian Pei and Hong Mei},
    title = {{MAPO}: Mining and Recommending {API} Usage Patterns},
    booktitle = {Proc. the 23rd ECOOP},
    year = {2009},
    pages = {318--343},
}

@inproceedings{thummalapenta09:mining,
    author = {Suresh Thummalapenta and Tao Xie},
    title = {Mining Exception-Handling Rules as Sequence Association Rules},
    booktitle = {Proc. 31th ICSE},
    month = {May},
    year = {2009},
    pages = {496--506},
}

@inproceedings{thummalapenta09:mseqgen,
    author = {Suresh Thummalapenta and Tao Xie and Nikolai Tillmann and Peli de Halleux and Wolfram Schulte},
    title = {{MSeqGen}: Object-Oriented Unit-Test Generation via Mining Source Code},
    booktitle = {Proc. 7th ESEC/FSE},
    year = {2009},
    pages = {193--202},
}
@article{tip1995survey,
  title={{A survey of program slicing techniques}},
  author={Tip, F.},
  journal={Journal of programming languages},
  volume={3},
  number={3},
  pages={121--189},
  year={1995},
  publisher={Citeseer}
}


@inproceedings{acharya09:mining,
    author = {Mithun Acharya and Tao Xie},
    title = {Mining {API} Error-Handling Specifications from Source Code},
    booktitle = {Proc. FASE},
    year = {2009},
    pages = {370--384},
}

@inproceedings{sankaranarayanan2008mls,
  title={{Mining library specifications using inductive logic programming}},
  author={Sankaranarayanan, S. and Ivan{\v{c}}i, F. and Gupta, A.},
  booktitle={Proc. 23rd ICSE},
  pages={131--140},
  year={2008},
}
@inproceedings{jiang2009automatic,
  title={{Automatic mining of functionally equivalent code fragments via random testing}},
  author={Jiang, L. and Su, Z.},
  booktitle={Proc. 18th ISSTA},
  pages={81--92},
  year={2009},
}
@INPROCEEDINGS{thummalapenta07parseweb,
    author = {Suresh Thummalapenta and Tao Xie},
    title = {{PARSEWeb}: A Programmer Assistant for Reusing Open Source Code on the Web},
    booktitle = {Proc. 22nd ASE},
    year = {2007},
    pages = {204--213},
}
@article{hassan2005lightweight,
  title={{A lightweight approach for migrating Web frameworks}},
  author={Hassan, A.E. and Holt, R.C.},
  journal={Information and Software Technology},
  volume={47},
  number={8},
  pages={521--532},
  year={2005},
  publisher={Elsevier}
}

@book{jones1998estimating,
  title={{Estimating software costs}},
  author={Jones, T.C.},
  year={1998},
  publisher={McGraw-Hill, Inc. Hightstown, NJ, USA}
}
@article{samet1981experience,
  title={{Experience with software conversion}},
  author={Samet, H.},
  journal={Software: Practice and Experience},
  volume={11},
  number={10},
  year={1981},
  publisher={John Wiley \& Sons, Ltd. New York}
}
@article{waters1988program,
  title={{Program translation via abstraction and reimplementation}},
  author={Waters, R.C.},
  journal={IEEE Transactions on Software Engineering},
  volume={14},
  number={8},
  pages={1207--1228},
  year={1988}
}
@article{ancona2007provenly,
  title={{A provenly correct translation of Fickle into Java}},
  author={Ancona, D. and Anderson, C. and Damiani, F. and Drossopoulou, S. and Giannini, P. and Zucca, E.},
  journal={ACM Transactions on Programming Languages and Systems},
  volume={29},
  number={2},
  pages={13},
  issn={0164-0925},
  year={2007},
  publisher={ACM}
}
@inproceedings{appeltauer2009comparison,
  title={{A comparison of context-oriented programming languages}},
  author={Appeltauer, M. and Hirschfeld, R. and Haupt, M. and Lincke, J. and Perscheid, M.},
  booktitle={Proc. COP co-located with ECOOP 2009},
  pages={1--6},
  year={2009},
}

@inproceedings{nita2010using,
  title={{Using twinning to adapt programs to alternative APIs}},
  author={Nita, M. and Notkin, D.},
  booktitle={Proc. 32nd ICSE},
  pages={205--214},
  year={2010},
}

@inproceedings{el2006experiment,
  title={An Experiment in Automatic Conversion of Legacy {Java} Programs to {C\#}},
  author={El-Ramly, M. and Eltayeb, R. and Alla, HA},
  booktitle={Proc. AICCSA},
  pages={1037--1045},
  year={2006},
}
@article{xing2007api,
  title={{API-evolution support with Diff-CatchUp}},
  author={Xing, Z. and Stroulia, E.},
  journal={IEEE Transactions on Software Engineering},
  volume={33},
  number={12},
  pages={818--836},
  year={2007}
}
@inproceedings{henkel2005catchup,
  title={{CatchUp!: capturing and replaying refactorings to support API evolution}},
  author={Henkel, J. and Diwan, A.},
  booktitle={Proc. 27th ICSE},
  pages={274--283},
  year={2005},
}

@inproceedings{balaban2005refactoring,
  title={{Refactoring support for class library migration}},
  author={Balaban, I. and Tip, F. and Fuhrer, R.},
  booktitle={Proc. 20th OOPSLA},
  pages={265--279},
  year={2005},
}

@inproceedings{newcomb1995reengineering,
  title={{Reengineering procedural into object-oriented systems}},
  author={Newcomb, P. and Kotik, G.},
  booktitle={Proc. 2nd Working Conference on Reverse Engineering},
  pages={237--249},
  year={1995}
}
@inproceedings{van1999identifying,
  title={{Identifying objects using cluster and concept analysis}},
  author={Van Deursen, A. and Kuipers, T. and CWI, A.},
  booktitle={Proc. 21st ICSE},
  pages={246--255},
  year={1999}
}






@book{fellbaum1998wel,
  title={{WordNet: an electronic lexical database}},
  author={Fellbaum, C. and others},
  year={1998},
  publisher={Cambridge, Mass: MIT Press}
}
@article{arnout2003uhc,
  title={Uncovering Hidden Contracts: The {.NET} Example},
  author={Arnout, K. and Meyer, B.},
   journal={Computer},
  volume={36},
  number={11},
  pages={48--55},
  year={2003},
}


@inproceedings{gabel2008smt,
  title={{Symbolic mining of temporal specifications}},
  author={Gabel, M. and Su, Z.},
  booktitle={Proc. 13th ICSE},
  pages={51--60},
  year={2008},
}
@article{leser2005mgn,
  title={{What makes a gene name? Named entity recognition in the biomedical literature}},
  author={Leser, U. and Hakenberg, J.},
  journal={Briefings in Bioinformatics},
  volume={6},
  number={4},
  pages={357--369},
  year={2005},
  publisher={Oxford Univ Press}
}

@inproceedings{kremenek:ubi,
  title={From Uncertainty to Belief: Inferring the Specification Within},
  author={Kremenek, T. and Twohey, P. and Back, G. and Ng, A. and Engler, D.},
  booktitle={Proc. 7th OSDI},
  pages={259--272},
  year={2006}
}
@inproceedings{weimer2005mts,
  title={{Mining temporal specifications for error detection}},
  author={Weimer, W. and Necula, G.},
  booktitle={Proc. TACAS},
  pages={461--476},
  year={2005},
}
@inproceedings{yang2006pmt,
  title={{Perracotta: mining temporal API rules from imperfect traces}},
  author={Yang, J. and Evans, D. and Bhardwaj, D. and Bhat, T. and Das, M.},
  booktitle={Proc. 28th ICSE},
  pages={282--291},
  year={2006},
}
@article{williams2005ams,
  title={{Automatic mining of source code repositories to improve bug finding techniques}},
  author={Williams, CC and Hollingsworth, JK},
  journal={IEEE Transactions on Software Engineering},
  volume={31},
  number={6},
  pages={466--480},
  year={2005}
}
@inproceedings{zhong2008iso,
  title={Inferring Specifications of Object Oriented {APIs} from {API} Source Code},
  author={Hao Zhong and Lu Zhang and Hong Mei},
  booktitle={Proc. 15th APSEC},
  pages={221--228},
  year={2008}
}
@inproceedings{sharon2007aba,
  title={Static Specification Mining Using Automata-Based Abstractions},
  author={Sharon Shoham and Eran Yahav and Stephen Fink and Marco Pistoia},
  booktitle={Proc. ISSTA},
  pages={218--228},
  year={2007},
}
@inproceedings{ramanathan2007psi,
  title={Path-Sensitive Inference of Function Precedence Protocols},
  author={Ramanathan, M.K. and Grama, A. and Jagannathan, S.},
  booktitle={Proc. 29th ICSE},
  pages={240--250},
  year={2007},
}
@inproceedings{chou2001eso,
  title={{An Empirical Study of Operating System Errors}},
  author={Chou, A. and Yang, J. and Chelf, B. and Hallem, S. and Engler, D.R.},
  booktitle={Proc. SOSP},
  pages={73--88},
  year={2001}
}
@inproceedings{das2002eps,
  title={{ESP}: path-sensitive program verification in polynomial time},
  author={Das, M. and Lerner, S. and Seigle, M.},
  booktitle={Proc. PLDI},
  pages={57--68},
  year={2002},
}
@inproceedings{hovemeyer2004fbe,
  title={{Finding bugs is easy}},
  author={Hovemeyer, D. and Pugh, W.},
  booktitle={Conference on Object Oriented Programming Systems Languages and Applications},
  pages={132--136},
  year={2004},
  publisher={ACM Press New York, NY, USA}
}


@article{visser2003mcp,
  title={{Model Checking Programs}},
  author={Visser, W. and Havelund, K. and Brat, G. and Park, S.J. and Lerda, F.},
  journal={Automated Software Engineering},
  volume={10},
  number={2},
  pages={203--232},
  year={2003},
  publisher={Springer}
}

@article{parekh1998gia,
  title={{Grammar Inference, Automata Induction, and Language Acquisition}},
  author={Parekh, R. and Honavar, V.},
  journal={Handbook of Natural Language Processing. Marcel Dekker},
  year={1998}
}


@inproceedings{dallmeier2006mob,
  title={{Mining object behavior with ADABU}},
  author={Dallmeier, V. and Lindig, C. and Wasylkowski, A. and Zeller, A.},
  booktitle={Proc. International Workshop on Dynamic Systems Analysis},
  pages={17-24},
  year={2006},
}
@inproceedings{ammons2002ms,
  title={{Mining specifications}},
  author={Ammons, G. and Bod{\'\i}k, R. and Larus, J.R.},
  booktitle={Proc. 29th POPL},
  pages={4--16},
  year={2002},
}
@article{viterbi1967ebc,
  title={{Error bounds for convolutional codes and an asymptotically optimum decoding algorithm}},
  author={Viterbi, A.},
  journal={IEEE Transactions on Information Theory},
  volume={13},
  number={2},
  pages={260--269},
  year={1967}
}
@inproceedings{lo2006stb,
  title={{SMArTIC: towards building an accurate, robust and scalable specification miner}},
  author={Lo, D. and Khoo, S.C.},
  booktitle={Proc. 14th FSE},
  pages={265--275},
  year={2006},
}
@inproceedings{ShanAsplos08,
   author = {Shan Lu and Soyeon Park and Eunsoo Seo and Yuanyuan Zhou},
   title  = {Learning from mistakes -- A Comprehensive Study on Real World Concurrency Bug Characteristics},
   booktitle = {Proc. 13th ASPLOS},
   pages     = {329-339},
   year      = {2008},
}
@inproceedings{ccomment,
    author = {Yoann Padioleau and Lin Tan and Yuanyuan Zhou},
    title = {Listening to Programmers - {T}axonomies and Characteristics of Comments in Operating System Code},
    booktitle = {Proc. 31st ICSE},
    year   = {2009},
}
@inproceedings{emoose_icse,
    author = {Uri Dekel and James D. Herbsleb},
    title = {Improving {API} Documentation Usability with Knowledge Pushing},
    booktitle = {Proc. 31st ICSE},
    year   = {2009},
}
@inproceedings{emoose_icpc,
    author = {Uri Dekel and James D. Herbsleb},
    title = {Reading the Documentation of Invoked {API} functions in Program Comprehension},
    booktitle = {Proc. 17th ICPC},
    year   = {2009},
}

@article{igarashi2005rua,
  title={{Resource usage analysis}},
  author={Igarashi, A. and Kobayashi, N.},
  journal={ACM Transactions on Programming Languages and Systems},
  volume={27},
  number={2},
  pages={264--313},
  year={2005},
}
@article{chander2007erb,
  title={Enforcing resource bounds via static verification of dynamic checks},
  author={Chander, A. and Espinosa, D. and Islam, N. and Lee, P. and Necula, G.C.},
  journal={ACM Transactions on Programming Languages and Systems},
  volume={29},
  number={5},
  year={2007},
}
@book{olson2008adm,
  title={{Advanced data mining techniques}},
  author={Olson, D.L.},
  year={2008},
  publisher={Springer Verlag}
}
@article{baum1970mto,
  title={{A maximization technique occurring in the statistical analysis of probabilistic functions of Markov chains}},
  author={Baum, L.E. and Petrie, T. and Soules, G. and Weiss, N.},
  journal={The Annals of Mathematical Statistics},
  pages={164--171},
  year={1970}
}
@inproceedings{nanda2005dot,
    author = "Mangala Gowri and Christian Grothoff and Satish Chandra",
    title = "Deriving object typestates in the presence of inter-object references",
    booktitle = "Proc. 20th OOPSLA",
    year = "2005",
    pages = "77--96",
}
@article{zhou2004rnb,
  title={Recognizing names in biomedical texts: a machine learning approach},
  author={Zhou, G. and Zhang, J. and Su, J. and Shen, D. and Tan, C.},
  journal={Bioinformatics},
  volume={20},
  number={7},
  pages={1178--90},
  year={2004}
}
@inproceedings{DagenaisH08ppa,
  author    = {Barth{\'e}l{\'e}my Dagenais and
               Laurie J. Hendren},
  title     = {Enabling static analysis for partial {Java} programs},
  booktitle = {OOPSLA},
  year      = {2008},
  pages     = {313-328}
}


@article{jackson2000sar,
  title={{Software analysis: a roadmap}},
  author={Jackson, D. and Rinard, M.},
  journal={Proc. International conference on the future of Software Engineering},
  pages={133--145},
  year={2000},
}
@article{yasumatsu1995spice,
  title={{SPiCE: a system for translating Smalltalk programs into a C environment}},
  author={Yasumatsu, K. and Doi, N.},
  journal={IEEE Transactions on Software Engineering},
  volume={21},
  number={11},
  pages={902--912},
  year={1995}
}

@inproceedings{kim2009discovering,
  title={{Discovering and representing systematic code changes}},
  author={Kim, M. and Notkin, D.},
  booktitle={Proc. 31st ICSE},
  pages={309--319},
  year={2009},
}


@inproceedings{mossienko2003automated,
  title={{Automated COBOL to Java recycling}},
  author={Mossienko, M.},
  booktitle={Proc. 7th CSMR},
  pages={40--50},
  year={2003}
}

@article{terekhov2000realities,
  title={{The realities of language conversions}},
  author={Terekhov, A.A. and Verhoef, C.},
  journal={IEEE Software},
  pages={111--124},
  year={2000},
  publisher={IEEE Computer Society}
}
@inproceedings{martinc,
  title={{C} to {Java} migration experiences},
  author={Martin, J. and Muller, H.A.},
  booktitle={Proc. 6th European Conference on Software Maintenance and Reengineering},
  pages={143--153}
}


@article{henzinger2005pi,
  title={{Permissive interfaces}},
  author={Henzinger, T.A. and Jhala, R. and Majumdar, R.},
  journal={Proc. ESEC/FSE},
  pages={31--40},
  year={2005},
  publisher={ACM Press New York, NY, USA}
}

@inproceedings{alur2005sis,
 author = {Rajeev Alur and Pavol {\v C}ern{\'y} and P. Madhusudan and Wonhong Nam},
 title = {Synthesis of interface specifications for {Java} classes},
 booktitle = {Proc. 32nd POPL},
 year = {2005},
 pages = {98--109}
 }
@article{porter2006ass,
  title={{An algorithm for suffix stripping}},
  author={Porter, M.F.},
  journal={Program: Electronic Library and Information Systems},
  volume={40},
  number={3},
  pages={211--218},
  year={2006}
}


@inproceedings{zhong2008filter,
  author    = {Hao Zhong and
               Lu Zhang and Hong Mei},
  title     = {Early Filtering of Polluting Method Calls for Mining Temporal Specifications},
  booktitle = {Proc. 15th APSEC},
  year      = {2008},
}

@inproceedings{livshits05dynamine,
  title={Dynamine: Finding Common Error Patterns by Mining Software Revision Histories},
  author={V. Livshits and T. Zimmermann},
  booktitle={Proc. ESEC/FSE},
  pages={31--40},
  year={2005},
}
@inproceedings{mandelin2005jmh,
  title={{Jungloid mining: helping to navigate the API jungle}},
  author={Mandelin, D. and Xu, L. and Bod{\'\i}k, R. and Kimelman, D.},
  booktitle={Proc. PLDI},
  pages={48--61},
  year={2005},
  publisher={ACM Press New York, NY, USA}
}
@article{ernst2001ddl,
  title={{Dynamically discovering likely program invariants to support program evolution}},
  author={Ernst, M.D. and Cockrell, J. and Griswold, W.G. and Notkin, D.},
  journal={IEEE Transactions on Software Engineering},
  volume={27},
  number={2},
  pages={99--123},
  year={2001}
}
@inproceedings{giannakopoulou2004agv,
  title={{Assume-guarantee verification of source code with design-level assumptions}},
  author={Giannakopoulou, D. and Pasareanu, CS and Cobleigh, JM},
  booktitle={Proc. ICSE},
  pages={211--220},
  year={2004}
}
@inproceedings{agrawal95mining,
    AUTHOR = {R. Agrawal and R. Srikant},
    TITLE = {Mining Sequential Patterns},
    BOOKTITLE = {Proc. ICDE},
    pages     = {3-14},
    YEAR = {1995}
}
@article{parthasarathy1999iai,
  title={{Incremental and interactive sequence mining}},
  author={Parthasarathy, S. and Zaki, MJ and Ogihara, M. and Dwarkadas, S.},
  journal={Proc. 8th International Conference on Information and Knowledge Management},
  pages={251--258},
  year={1999},
  publisher={ACM Press New York, NY, USA}
}

@inproceedings{Yang2002minglongseq,
  author    = {Jiong Yang and
               Wei Wang and
               Philip S. Yu and
               Jiawei Han},
  title     = {Mining long sequential patterns in a noisy environment},
  booktitle = {Proc. ACM International Conference on Management of Data},
  year      = {2002},
  pages     = {406-417},
  ee        = {http://doi.acm.org/10.1145/564691.564738},
  crossref  = {DBLP:conf/sigmod/2002},
  bibsource = {DBLP, http://dblp.uni-trier.de}
}

@article{ernst2001ddl,
  title={{Dynamically discovering likely program invariants to support program evolution}},
  author={Ernst, M.D. and Cockrell, J. and Griswold, W.G. and Notkin, D.},
  journal={IEEE Transactions on Software Engineering},
  volume={27},
  number={2},
  pages={99--123},
  year={2001}
}
@article{ernst2006dsd,
  title={{The Daikon system for dynamic detection of likely invariants}},
  author={Ernst, M.D. and Perkins, J.H. and Guo, P.J. and McCamant, S. and Pacheco, C. and Tschantz, M.S. and Xiao, C.},
  journal={Science of Computer Programming},
  year={2006}
}
@article{hangal2002tds,
  title={Tracking down software bugs using automatic anomaly detection},
  author={Hangal, S. and Lam, M.S.},
  journal={Proc. ICSE},
  pages={291--301},
  year={2002},
}

@article{demsky2006iae,
  title={{Inference and enforcement of data structure consistency specifications}},
  author={Demsky, B. and Ernst, M.D. and Guo, P.J. and McCamant, S. and Perkins, J.H. and Rinard, M.},
  journal={Proc. ISSTA},
  pages={233--244},
  year={2006},
  publisher={ACM Press New York, NY, USA}
}

@article{nimmer2002iis,
  title={{Invariant inference for static checking}},
  author={Nimmer, J.W. and Ernst, M.D.},
  journal={Proc. FSE},
  pages={11--20},
  year={2002},
  publisher={ACM Press New York, NY, USA}
}
@article{xie2003tau,
  title={{Tool-assisted unit test selection based on operational violations}},
  author={Xie, T. and Notkin, D.},
  journal={Proc. ASE},
  pages={40--48},
  year={2003}
}

@inproceedings{Jian2001span,
  author    = {Jian Pei and
               Jiawei Han and
               Behzad Mortazavi-Asl and
               Helen Pinto and
               Qiming Chen and
               Umeshwar Dayal and
               Meichun Hsu},
  title     = {PrefixSpan: Mining Sequential Patterns by Prefix-Projected
               Growth.},
  booktitle = {Proc. ICDE},
  year      = {2001},
  pages     = {215-224},
}
@inproceedings{ayres02sequential,
  author    = {Jay Ayres and
               Jason Flannick and
               Johannes Gehrke and
               Tomi Yiu},
  title     = {Sequential PAttern mining using a bitmap representation.},
  booktitle = {Proc. KDD},
  year      = {2002},
  pages     = {429-435}
}
@article{wang2004bem,
  title={{BIDE: efficient mining of frequent closed sequences}},
  author={Wang, J. and Han, J.},
  journal={ICDE},
  pages={79--90}
}
@article{gold1978lil,
  title={Complexity of automatic identification of given data},
  author={Gold, E.M.},
  journal={Information and Control},
  volume={10},
  pages={447-474},
  year={1978},
}
@article{weimer2008tse,
 author = {Westley Weimer and Nina Mishra},
 title = {Privately Finding Specifications},
 journal = {IEEE Transactions on Software Engineering},
 volume = {34},
 number = {1},
 year = {2008},
 pages = {21--32},
 }
@article{salcianu2005pas,
  title={Purity and side effect analysis for {Java} programs},
  author={Salcianu, A. and Rinard, M.},
  journal={Proc. VMCAI},
  pages={199--215},
  year={2005},
}
@article{laxman2006std,
  title={{A survey of temporal data mining}},
  author={Laxman, S. and Sastry, P.S.},
  journal={Sadhana},
  volume={31},
  number={2},
  pages={173--198},
  year={2006},
  publisher={Springer}
}

@article{zhong2008mapo,
  title={{MAPO}: Mining and Recommending {API} Usage Patterns},
  author={Hao Zhong and Tao Xie and Lu Zhang and Jian Pei and Hong Mei1},
  journal={submitted to Proc. FSE},
  year={2008}
}
@article{visser2003mcp,
  title={{Model Checking Programs}},
  author={Visser, W. and Havelund, K. and Brat, G. and Park, S.J. and Lerda, F.},
  journal={Automated Software Engineering},
  volume={10},
  number={2},
  pages={203--232},
  year={2003},
  publisher={Springer}
}
@article{plsek2006csc,
  title={{Carmen: Software Component Model Checker}},
  author={Plsek, A.},
  journal={Developer Documentation},
  year={2006}
}
@article{gold67limit,
  author={E. Mark Gold},
  title={Language identification in the limit},
  journal={Information and Control},
  year={1967},
  volume={10},
  number={5},
  pages={447-474},
  url={http://www.isrl.uiuc.edu/~amag/langev/paper/gold67limit.html}
}
@inproceedings{rere01,
 author = {Steven P. Reiss and Manos Renieris},
 title = {Encoding Program Executions},
 booktitle = {ICSE},
 year = {2001},
 isbn = {0-7695-1050-7},
 pages = {221--230},
}

@article{burtscher2005agh,
  title={{Automatic generation of high-performance trace compressors}},
  author={Burtscher, M. and Sam, NB},
  journal={International Symposium on Code Generation and Optimization},
  pages={229--240},
  year={2005}
}
@article{ellis2003aef,
  title={{Automation for exception freedom proofs}},
  author={Ellis, BJ and Ireland, A.},
  journal={Proc. ASE},
  pages={343--346},
  year={2003}
}
@inproceedings{Ammons2003pldi,
 author = {Glenn Ammons and David Mandelin and Rastislav Bod\'{\i}k and James R. Larus},
 title = {Debugging temporal specifications with concept analysis},
 booktitle = {Proc. PLDI},
 year = {2003},
 pages = {182--195},
 }
@article{cook1998dms,
  title={Discovering Models of Software Processes from Event-Based Data},
  author={Cook, J.E. and Wolf, A.L.},
  journal={ACM Transactions on Software Engineering and Methodology},
  volume={7},
  number={3},
  pages={215--249},
  year={1998}
}
@INPROCEEDINGS{wasylkowski07:detecting,
    author = {Andrzej Wasylkowski and Andreas Zeller and Christian Lindig},
    title = {Detecting Object Usage Anomalies},
    booktitle = {Proc. ESEC/FSE},
    pages={35--44},
    year = {2007},
    location = {Dubrovnik, Croatia},
}
@inproceedings{Zhenmin2005PRMiner,
  author    = {Zhenmin Li and Yuanyuan Zhou},
  title     = {{PR-Miner}: Automatically Extracting Implicit Programming Rules and Detecting Violations in Large Software Code},
  booktitle = {Proc. ESEC/FSE},
  year      = {2005},
  pages     = {306-315},
}

@inproceedings{Aeschlimann2005JDT,
 author = {M. Aeschlimann and D. Baumer and J. Lanneluc.},
 title = {Java Tool Smithing Extending the {E}clipse {J}ava {D}evelopment {T}ools},
 booktitle = {EclipseCon},
 year = {2005},
 isbn = {},
 pages = {},
 location = {},
 publisher = {},
 address = {},
 }

@book{grubb2003smc,
  title={{Software Maintenance: Concepts and Practice}},
  author={Grubb, P. and Takang, A.A.},
  year={2003},
  publisher={World Scientific}
}
@article{scaffidi2005adl,
  title={{Why are APIs difficult to learn and use?}},
  author={Scaffidi, C.},
  journal={Crossroads},
  volume={12},
  number={4},
  pages={4--4},
  year={2005},
  publisher={ACM Press New York, NY, USA}
}

@MastersThesis{BrownSTEP2003,
  author   = {Rhodes H. F. Brown},
  title    = {
    {STEP}: A Framework for the Efficient Encoding of General Trace Data},
  school   = {McGill University},
  year     = {2003},
  address  = {Montr{\'e}al, Qu{\'e}bec, Canada},
}
@inproceedings{dig2005rra,
  title={The Role of Refactorings in {API} Evolution},
  author={Dig, D. and Johnson, R.},
  booktitle={Proc. ICSM},
  pages={389--398},
  year={2005},
}
 @inproceedings{whaley2002aeo,
  title={Automatic extraction of object-oriented component interfaces},
  author={Whaley, J. and Martin, M.C. and Lam, M.S.},
  booktitle={Proc. ISSTA},
  pages={218--228},
  year={2002},
}
@inproceedings{deelstra2004esp,
  title={Experiences in Software Product Families: Problems and Issues During Product Derivation},
  author={Deelstra, S. and Sinnema, M. and Bosch, J.},
  booktitle={Proc. SPLC},
  pages={165-182},
  year={2004},
}
@inproceedings{capilla2003lwp,
  title={Light-weight product-lines for evolution and maintenance of Web sites},
  author={Capilla, R. and Duenas, JC},
  booktitle={Proc. CSMR},
  pages={53--62},
  year={2003}
}
@inproceedings{raman1997ssm,
  title={{The sk-strings method for inferring PFSA}},
  author={Raman, A.V. and Patrick, J.D.},
  booktitle={Proc. Machine Learning Workshop Automata Induction, Grammatical Inference, and Language Acquisition},
  year={1997}
}
@inproceedings{xie2006mma,
  title={{MAPO: mining API usages from open source repositories}},
  author={Xie, T. and Pei, J.},
  booktitle={Proc. MSR},
  pages={54--57},
  year={2006},
}
@inproceedings{giannakopoulou2001abv,
  title={Automata-Based Verification of Temporal Properties on Running Programs},
  author={Giannakopoulou, D. and Havelund, K.},
  booktitle={Proc. ASE},
  pages={412--416},
  year={2001}
}
@inproceedings{bennett1997ltm,
  title={{Learning to Tag Multilingual Texts Through Observation}},
  author={Bennett, S.W. and Aone, C. and Lovell, C.},
  booktitle={Proc, the 2nd Conference on Empirical Methods in Natural Language Processing},
  year={1997},
}

@inproceedings{zhou2001ner,
  title={{Named entity recognition using an HMM-based chunk tagger}},
  author={Zhou, G.D. and Su, J.},
  booktitle={Proc. 40th ACL},
  pages={473--480},
  year={2001},
}
@inproceedings{thummalapenta2007ppa,
  title={{PARSEWeb: a programmer assistant for reusing open source code on the web}},
  author={Thummalapenta, S. and Xie, T.},
  booktitle={Proc. 22nd ASE},
  pages={204--213},
  year={2007},
}
@inproceedings{chinchor1997mne,
  title={{MUC-7 named entity task definition}},
  author={Chinchor, N.},
  booktitle={Proc. 7th MUC },
  year={1997}
}
@inproceedings{hirschman1998mct,
  title={{MUC-7 coreference task definition}},
  author={Hirschman, L.},
  booktitle={Proc. 7th MUC},
  year={1997}
}


@article{harder2003its,
  title={Improving test suites via operational abstraction},
  author={Harder, M. and Mellen, J. and Ernst, M.D.},
  journal={Proc. ICSE},
  pages={60--71},
  year={2003},
}
@article{forward2002rsd,
  title={{The relevance of software documentation, tools and technologies: a survey}},
  author={Forward, A. and Lethbridge, T.C.},
  journal={Proc. ACM Symposium on Document Engineering},
  pages={26--33},
  year={2002},
  publisher={ACM New York, NY, USA}
}

@phdthesis{borthwick1999mea,
  title={{A Maximum Entropy Approach to Named Entity Recognition}},
  author={Borthwick, A.},
  year={1999},
  school={New York University}
}


@article{ananiadou2004ine,
  title={{Introduction: named entity recognition in biomedicine}},
  author={Ananiadou, S. and Friedman, C. and Tsujii, J.},
  journal={Journal of Biomedical Informatics},
  volume={37},
  number={6},
  pages={393--395},
  year={2004},
  publisher={Elsevier}
}
@article{tanabe2005gtc,
  title={{GENETAG: a tagged corpus for gene/protein named entity recognition}},
  author={Tanabe, L. and Xie, N. and Thom, L.H. and Matten, W. and Wilbur, W.J.},
  journal={BMC Bioinformatics},
  volume={6},
  number={Suppl 1},
  pages={S3},
  year={2005},
  publisher={BioMed Central}
}

@book{manning1999s,
    author = "Christopher D. Manning and Hinrich Sch{\"u}tze",
    title = "Foundations of Statistical Natural Language Processing",
    publisher = "The {MIT} Press",
    address = "Cambridge, Massachusetts",
    year = "1999",
    url = "citeseer.ist.psu.edu/635422.html"
 }
@inproceedings{tan2007ibo,
  title={{/* iComment: Bugs or Bad Comments?*/}},
  author={Tan, L. and Yuan, D. and Krishna, G. and Zhou, Y.},
  booktitle ={Proc. 21st SOSP},
  pages = {145--158},
  year={2007},
}

@TECHREPORT{inc2001ojd,
  AUTHOR =       {E. Perry and M. Sanko and B. Wright and T. Pfaeffle},
  TITLE =        {Oracle 9i {JDBC} Developer's Guide and Reference},
  INSTITUTION =  {http://www.oracle.com},
  YEAR =         {2002},
  month =        {Mar},
}
@inproceedings{novick2007tma,
  title={{Toward a more accurate view of when and how people seek help with computer applications}},
  author={Novick, D. and Elizalde, E. and Bean, N.},
  booktitle={Proc. 25th SIGDOC},
  pages={95--102},
  year={2007},
}
@inproceedings{desouza2005sde,
  title={{A study of the documentation essential to software maintenance}},
  author={de Souza, S.C.B. and Anquetil, N. and de Oliveira, K.M.},
  booktitle={Proc. 23rd SIGDOC},
  pages={68--75},
  year={2005},
}

@article{sang1837ics,
  title={{Introduction to the CoNLL-2003 Shared Task: Language-Independent Named Entity Recognition}},
  author={Sang, E.F.T.K. and De Meulder, F.},
  journal={Development},
  volume={922},
  pages={1341},
  year={1837}
}
@article{tsuruoka2004ipd,
  title={{Improving the performance of dictionary-based approaches in protein name recognition}},
  author={Tsuruoka, Y. and Tsujii, J.},
  journal={Journal of Biomedical Informatics},
  volume={37},
  number={6},
  pages={461--470},
  year={2004},
  publisher={Elsevier}
}

@inproceedings{novick2006why,
 author = {David Novick and Karen Ward},
 title = {Why don't people read the manual?},
 booktitle = {Proc. 24th SIGDOC},
 year = {2006},
 pages = {11--18},
 }
 @article{seacord1998ase,
  title={{Agora: A Search Engine for Software Components}},
  author={Seacord, R.C. and Hissam, S.A. and Wallnau, K.C.},
  year={1998},
  publisher={IEEE Computer Society}
}


@article{osborne2000spp,
  title={{Shallow Parsing as Part-of-Speech Tagging}},
  author={Osborne, M.},
  journal={Proc. International Conference on Computational Natural Language Learning},
  pages={145--147},
  year={2000},
  publisher={Association for Computational Linguistics}
}
@book{fellbaum1998wel,
  title={{WordNet: an electronic lexical database}},
  author={Fellbaum, C. and others},
  year={1998},
  publisher={Cambridge, Mass: MIT Press}
}
@article{klein2003aup,
  title={{Accurate unlexicalized parsing}},
  author={Klein, D. and Manning, C.D.},
  journal={Proc. Annual Meeting of the Association for Computational Linguistics},
  pages={423--430},
  year={2003}
}
@article{angluin1987lrs,
  title={{Learning regular sets from queries and counterexamples}},
  author={Angluin, D.},
  journal={Information and Computation},
  volume={75},
  number={2},
  pages={87--106},
  year={1987},
  publisher={Academic Press, Inc. Duluth, MN, USA}
}
@book{rozakis2003cis,
  title={{The Complete Idiot's Guide to Grammar and Style}},
  author={Rozakis, L.},
  year={2003},
  publisher={Alpha Books}
}
@inproceedings{baniassad2004taa,
  title={{Theme: an approach for aspect-oriented analysis and design}},
  author={Baniassad, E. and Clarke, S.},
  booktitle={Proc. 26th ICSE},
  pages={158--167},
  year={2004}
}
@article{hanisch2005prominer,
  author = {Daniel Hanisch and Katrin Fundel and Heinz-Theodor Mevissen and Ralf Zimmer and Juliane Fluck},
  title = {ProMiner: rule-based protein and gene entity recognition},
  journal = {BMC Bioinformatics},
  volume = {6},
  pages = {S14},
  url = {http://www.citebase.org/abstract?id=oai:biomedcentral.com:1471-2105-6-S1-S14},
  year = {2005}
}


@article{ambriola1997pnl,
  title={{Processing natural language requirements}},
  author={Ambriola, V. and Gervasi, V.},
  journal={Proc. ASE},
  pages={3--5},
  year={1997}
}
@article{FantechiGLM03,
    title = {Applications of linguistic techniques for use case analysis.},
    author = {Alessandro Fantechi and Stefania Gnesi and Giuseppe Lami and Alessandro Maccari},
    journal = {Requirement Engineering},
    number = {3},
    pages = {161-170},
    volume = {8},
    year = {2003},
}
@article {Is_NLP_Mature,
    author = {Leonid Kof},
    title = {Natural Language Processing: Mature Enough for Requirements Documents Analysis?},
    journal = {Application of Natural Language to Information Systems},
    year = {2005},
    pages = {91-102},
}
@article{sawyer2002rsr,
  title={{REVERE}: Support for Requirements Synthesis from Documents},
  author={Sawyer, P. and Rayson, P. and Garside, R.},
  journal={Information Systems Frontiers},
  volume={4},
  number={3},
  pages={343--353},
  year={2002},
  publisher={Kluwer Academic Publishers Hingham, MA, USA}
}
@inproceedings{shepherd2007unl,
  title={{Using natural language program analysis to locate and understand action-oriented concerns}},
  author={Shepherd, D. and Fry, Z.P. and Hill, E. and Pollock, L. and Vijay-Shanker, K.},
  booktitle={Proc. 6th AOSD},
  pages={212--224},
  year={2007},
}
@inproceedings{chandel2006ebt,
  title={Efficient Batch Top-k Search for Dictionary-based Entity Recognition},
  author={Chandel, A. and Nagesh, PC and Sarawagi, S. and Bombay, IIT},
  booktitle={Proc. 22nd ICDE},
  pages={28},
  year={2006}
}
@article{egorov2004sap,
  title={{A simple and practical dictionary-based approach for identification of proteins in medline abstracts}},
  author={Egorov, S. and Yuryev, A. and Daraselia, N.},
  journal={Journal of the American Medical Informatics Association},
  volume={11},
  number={3},
  pages={174--178},
  year={2004},
  publisher={Elsevier}
}

@inproceedings{cohen2004edn,
  title={{Exploiting dictionaries in named entity extraction: combining semi-Markov extraction processes and data integration methods}},
  author={Cohen, W.W. and Sarawagi, S.},
  booktitle={Proc. 10th KDD},
  pages={89--98},
  year={2004}
}


@article{fry2008asc,
  title={{Analysing source code: looking for useful verb-direct object pairs in all the right places}},
  author={Fry, ZP and Shepherd, D. and Hill, E. and Pollock, L. and Vijay-Shanker, K.},
  journal={Software, IET},
  volume={2},
  number={1},
  pages={27--36},
  year={2008}
}
@inproceedings{buse2008adi,
  title={{Automatic documentation inference for exceptions}},
  author={Buse, R.P.L. and Weimer, W.R.},
  booktitle={Proc. ISSTA},
  pages={273--282},
  year={2008},
}
@inproceedings{kim2000rbn,
  title={A Rule-Based Named Entity Recognition System for Speech Input},
  author={Kim, J.H. and Woodland, P.C.},
  booktitle={Proc. 6th ICSLP},
  year={2000}
}
@inproceedings{Mikheev99namedentity,
    author = {Andrei Mikheev and Marc Moens and Claire Grover},
    title = {Named entity recognition without gazetteers},
    booktitle = {Proc. 9th EACL},
    year = {1999},
    pages = {1--8}
}

@inproceedings{thummalapentaase08spotweb,
    author = {Suresh Thummalapenta and Tao Xie},
    title = {{SpotWeb}: Detecting Framework Hotspots and Coldspots via Mining Open Source Code on the Web},
    booktitle = {Proc. 23rd ASE},
    pages = {109--112},
    year = {2008},
}

@article{orenstein2000quickstudy,
  title={{QuickStudy: Application Programming Interface (API)}},
  author={Orenstein, D.},
  journal={Computerworld},
  volume={10},
  year={2000}
}


@inproceedings {Kof_RE07,
    author = {Leonid Kof},
    title = {Scenarios: Identifying Missing Objects and Actions by Means of Computational Linguistics},
    booktitle = {Proc. 15th RE},
    year = {2007},
    pages = {121 - 130},

}

@inproceedings{taneja08diffgen,
 author = {Taneja Kunal and Tao Xie},
 title = {DiffGen: Automated Regression Unit-Test Generation},
 booktitle = {Proc. 23rd ASE},
 year = {2008},
 pages = {407--410},
}

@inproceedings{robert07difference,
 author = {Evans, Robert B. and Savoia, Alberto},
 title = {Differential testing: a new approach to change detection},
 booktitle = {Proc. 6th ESEC/FSE},
 year = {2007},
 pages = {549--552},
}

@misc{JCK,
  key = {JCK},
  title = "{Java Compatibility Kit}",
  note = {\texttt{http://jck.dev.java.net}},
  year = {2007},
}

@misc{Java2CSharp,
  key = {Java2CSharp},
  title = "{Java 2 CSharp Translator for Eclipse}",
  note = {\texttt{http://j2cstranslator.sourceforge.net/}},
  year = {2007},
}

@misc{Sharpen,
  key = {Sharpen},
  title = "{Sharpen}",
  note = {\texttt{http://developer.db4o.com/Blogs/News/tabid/171/entryid/653/Default.aspx}},
  year = {2008},
}



@inproceedings{koushik:cute,
 author = {Sen Koushik and Marinov Darko and Agha Gul},
 title = "{CUTE: a concolic unit testing engine for C}",
 booktitle = {Proc. ESEC/FSE},
 year = {2005},
 pages = {263--272},
 }

@inproceedings{godefroid:dart,
    author = {P. Godefroid and N. Klarlund and K. Sen},
    title = {{DART}: {D}irected automated random testing},
    booktitle = {Proc. PLDI},
    year = {2005},
    pages = {213--223}
}

@inproceedings{DBLP:conf/tacas/AnandPV07,
  author    = {Saswat Anand and
               Corina S. Pasareanu and
               Willem Visser},
  title     = {{JPF-SE}: A Symbolic Execution Extension to {Java} PathFinder},
  booktitle = {Proc. TACAS},
  year      = {2007},
  pages     = {134-138},
}

@inproceedings{Kawrykow:2009,
 author = {Kawrykow, David and Robillard, Martin P.},
 title = {Improving {API} Usage through Automatic Detection of Redundant Code},
 booktitle = {Proc. ASE},
 year = {2009},
 pages = {111--122}
}
