@TECHREPORT{Bracha:generics,
  AUTHOR =       {Gilad Bracha},
  TITLE =        {Generics in the Java Programming Language},
  INSTITUTION =  {Sun Microsystems, Inc},
  YEAR =         {2004},
  month =        {July},
  source =       {http://java.sun.com/j2se/1.5/pdf/generics-tutorial.pdf},
}

@misc{wiki:lucene,
   author = "Wikipedia",
   title = "Lucene --- Wikipedia{,} The Free Encyclopedia",
   year = "2010",
   url = "\url{http://en.wikipedia.org/w/index.php?title=Lucene&oldid=339013235}",
   note = "[Online; accessed 21-January-2010]"
 }

@inproceedings{bennett:maintenance,
    author = {Keith Bennett and Vaclav Rajlich and K. H. Bennett},
    title = {Software maintenance and evolution: A roadmap},
    booktitle = {The Future of Software Engineering},
    year = {2000},
    pages = {73--87},
    publisher = {ACM Press}
}

 @ARTICLE{dig:evole,
  author    = {Danny Dig and
               Ralph Johnson},
  title     = {How do {APIs} evolve? A story of refactoring},
  journal   = {Journal of software maintenance and evolution: Research and Practice},
  volume    = {18},
  number    = {2},
  year      = {2006},
  pages     = {83-107}
}
@article{lehman:software,mockus_predicting_2000mockus_predicting_2000mockus_predicting_2000mockus_predicting_2000mockus_predicting_2000mockus_predicting_2000
	title = {Software Evolution and Software Evolution Processes},
	volume = {14},
	journal = {Annals of Software Engineering},
	author = {Meir M. Lehman and Juan F. Ramil},
	month = dec,
	year = {2002},
	pages = {275--309}
}

@article{zhenchang_xing_api-evolution_2007,
author    = {Zhenchang Xing and
               Eleni Stroulia},
  title     = {{API}-Evolution Support with {Diff-CatchUp}},
  journal   = {IEEE Transaction on Software Engineering.},
  volume    = {33},
  number    = {12},
  year      = {2007},
  pages     = {818-836}
}

@inproceedings{henkel_catchup!_2005,
	booktitle = {Proc. 27th ICSE},
	author = {J. Henkel and A. Diwan},
    title     = {CatchUp!: capturing and replaying refactorings to support
               {API} evolution},
     year      = {2005},
     pages     = {274-283}
}

@inproceedings{balaban_refactoring_2005,
	title = {Refactoring support for class library migration},	
	booktitle = {Proc. 20th OOPSLA},
	author = {Ittai Balaban and Frank Tip and Robert Fuhrer},
	year = {2005},
	pages = {265--279}
}
@inproceedings{chow_semi-automatic_1996,
	title = {Semi-automatic update of applications in response to library changes},
	booktitle = {Proc. ICSM},
	author = {K. Chow and D. Notkin},
	year = {1996},
	pages = {359--368}
}

@inproceedings{dig_role_2005,
	title = {The role of refactorings in {API} evolution},
	booktitle = {Proc. 21st ICSM},
	author = {D. Dig and R. Johnson},
	year = {2005},
	pages = {389--398}
}

@article{griswold_automated_1993,
	title = {Automated assistance for program restructuring},
	volume = {2},
	journal = {ACM Transactions on Software Engineering and Methodology},
	author = {William G. Griswold and David Notkin},
	year = {1993},
	pages = {228--269}
}
@inproceedings{kramer_api_1999,
	title = {{API} documentation from source code comments: a case study of Javadoc},
	booktitle = {Proceedings of the 17th annual international conference on Computer documentation},
	publisher = {{ACM}},
	author = {Douglas Kramer},
	year = {1999},
	pages = {147--153}
}
@inproceedings{kim2009adding,
  title={Adding Examples into {Java} Documents},
  author={Kim, J. and Lee, S. and Hwang, S. and Kim, S.},
  booktitle={Proc. 24th ASE},
  pages={540--544},
  year={2009},
  organization={IEEE}
}
@article{koschke2006survey,
  title={{Survey of research on software clones}},
  author={Koschke, R.},
  journal={Duplication, Redundancy, and Similarity in Software},
  year={2006},
  publisher={Citeseer}
}

@article{mens2004survey,
  title={{A survey of software refactoring}},
  author={Mens, T. and Tourwe, T.},
  journal={IEEE Transactions on software engineering},
  volume={30},
  number={2},
  pages={126--139},
  year={2004}
}



@inproceedings{dekel_improving_2009,
	title = {Improving {API} documentation usability with knowledge pushing},
	booktitle = {Proc. 31st ICSE},
	publisher = {{IEEE} Computer Society},
	author = {Uri Dekel and James D. Herbsleb},
	year = {2009},
	pages = {320--330}
},

@INPROCEEDINGS{zhong09:inferring,
    author = {Hao Zhong and Lu Zhang and Tao Xie and Hong Mei},
    title = {Inferring Resource Specifications from Natural Language API Documentation},
    booktitle = {Proc. 24th IEEE/ACM International Conference on Automated Software Engineering},
    month = {November},
    year = {2009}
}

@article{robillard_what,
  author    = {Martin P. Robillard},
  title     = {What Makes {APIs} Hard to Learn? Answers from Developers},
  journal   = {IEEE Software},
  volume    = {26},
  number    = {6},
  year      = {2009},
  pages     = {27-34}
}

@inproceedings{novick_dont_2006,
	author = {David G. Novick and Karen Ward},
	title = {Why don't people read the manual?},
	booktitle = {Proceedings of the 24th annual {ACM} international conference on Design of communication},
    organization={ACM},
	year = {2006},
    pages = {11--18}

@inproceedings{kramer_api_1999,
	title = {{API} documentation from source code comments: a case study of {Javadoc}},
	booktitle = {Proc. 17th SIGDOC},
	author = {Douglas Kramer},
	year = {1999},
	pages = {147--153}
}

@inproceedings{buse_automatic_2008,
	title = {Automatic documentation inference for exceptions},
	booktitle = {Proceedings of the 2008 international symposium on Software testing and analysis},
	publisher = {{ACM}},
	author = {Raymond {P.L.} Buse and Westley R. Weimer},
	year = {2008},
	pages = {273--282}
}
@inproceedings{padioleau2009listening,
  title={Listening to programmers Taxonomies and characteristics of comments in operating system code},
  author={Padioleau, Y. and Tan, L. and Zhou, Y.},
  booktitle={Proc. 31st ICSE},
  pages={331--341},
  year={2009}
}

@inproceedings{zhong09:mapo,
author = {Hao Zhong and Tao Xie and Lu Zhang and Jian Pei and Hong Mei},
title = {{MAPO}: Mining and Recommending {API} Usage Patterns},
booktitle = {Proc. 23rd ECOOP},
year = {2009},
pages = {318--343},
}

@conference{long2009api,
  title={{API} hyperlinking via structural overlap},
  author={Long, F. and Wang, X. and Cai, Y.},
  booktitle={Proc. 7th ESEC/FSE},
  pages={203--212},
  year={2009},
  organization={ACM},
}

@article{dekel_readingdocumentation_2009,
	title = {Reading the Documentation of Invoked {API} Functions in Program Comprehension},
	journal = {Proc. 17th {ICPC}},
	author = {U. Dekel and J. D Herbsleb},
	year = {2009},
	pages = {168--177},
}

@inproceedings{schreck-iwpse-2007,
    title = {How Documentation Evolves Over Time},
    author = {Daniel Schreck and Valentin Dallmeier and Thomas Zimmermann},
    year = {2007},
    booktitle = {Proceedings of the 9th International Workshop on Principles of Software Evolution},
    publisher = {{ACM}},
    pages = {4--10},
}

@conference{di2010exploratory,
  title = {An Exploratory Study of the Evolution of Software Licensing},
  author = {Di Penta, M. and German, D.M. and Gu{\'e}h{\'e}neuc, Y.G. and Antoniol, G.},
  year = {2010},
  publisher = {{ACM}},
  booktitle = {Proc. 32nd ICSE},
}

@conference{pelleg2000x,
  title={{X-means: Extending K-means with Efficient Estimation of the Number of Clusters}},
  author={Pelleg, D. and Moore, A.},
  booktitle={Proceedings of the 17th International Conf. on Machine Learning},
  pages={727--734},
  year={2000},
}

@conference{horie2010,
    title={Tool support for crosscutting concerns of API documentation},
    author={Michihiro Horie and Shigeru Chiba},
    booktitle={Proceedings of the 8th International Conf. on Aspect-Oriented Software Development},
    pages={97--108},
    year={2010},
    publisher={{ACM}},
    }

@BOOK{Salton1983,
  AUTHOR = {G. Salton and M.J. McGill},
  TITLE = {Introduction to Modern Information Retrieval},
  YEAR = {1983},
  PUBLISHER = {McGraw-Hill},
  ADDRESS = {New York},
}

@conference{martin-fse-2010,
 title={Creating and Evolving Developer Documentation: Understanding the Decisions of Open Source Contributors},
 author={B. Dagenais and Martin P. Robillard},
 year={2010},
 publisher = {{ACM}},
 booktitle = {FSE-18},
}
@conference{sinha1998analysis,
  title={{Analysis of programs with exception-handling constructs}},
  author={Sinha, S. and Harrold, M.J.},
  booktitle={International Conference on Software Maintenance, 1998. Proceedings},
  pages={348--357},
  year={1998},
}
