%
%  $Description: Bibliography of MSR08 paper$
%
%  $Author: Suresh Thummalapenta $
%  $Date: 2007/07/15 15:19:53 $
%  $Revision: 0.0 $
%

@BOOK{softwarefactory:mat,
 author = {Matsumoto, Y.},
 title = "{A} {S}oftware {F}actory: {A}n {O}verall {A}pproach to {S}oftware {P}roduction",
 publisher = {P. Freeman, editor, Tutorial: Software Reusability. IEEE Computer Society Press},
 year = {1987},
 }

@ARTICLE{scs:goguen,
 author = {Goguen, J. and Nguyen, D. and Meseguer, J. and Luqi and Zhang, D. and Berzins, V.},
 title = "{S}oftware {C}omponent {S}earch",
 JOURNAL = {Journal of Systems Integration},
 pages = {93--134},
 VOLUME = {6},
 NUMBER = {1/2},
 MONTH = "march",
 year = {1996},
 }

@INPROCEEDINGS{sfreuse:ye,
 author = {Ye, Y. and Fischer, G.},
 title = {Supporting reuse by delivering taskrelevant and personalized information},
 booktitle = {Proc. International Conference on Software Engineering},
 year = {2002},
 pages = {513--523},
 }

@InProceedings{sager-msr06-clsim,
author = {Sager, T. and Bernstein, A. and Pinzger, M. and Kiefer, C.},
title = {Detecting Similar Java Classes Using Tree Algorithms},
booktitle = {Proc. International Workshop on Mining Software Repositories},
pages = {65--71},
year = {2006},
}


@INPROCEEDINGS{integrate:ye,
 author = {Ye, Y. and Fischer, G. and Reeves, B.},
 title = {Integrating active information delivery and reuse repository systems.},
 booktitle = {Proc. International Symposium on Foundations of Software Engineering},
 year = {2000},
 pages = {60--68},
 }


@INPROCEEDINGS{signature:zaremski,
 author = {Zaremski, A.M. and Wing, J.M.},
 title = "{S}ignature {M}atching: a {T}ool for {U}sing {S}oftware {L}ibraries.",
 booktitle = {ACM Transactions on Software Engineering and Methodology (TOSEM)},
 year = {1995},
 pages = {146--170},
 }

@INPROCEEDINGS{examples:renuka,
 author = {Sindhgatta, R.},
 title = "{U}sing an {I}nformation {R}etrieval {S}ystem to {R}etrieve {S}ource {C}ode {S}amples.",
 booktitle = {Proc. 28th International Conference on Software Engineering},
 year = {2006},
 }

@INPROCEEDINGS{xsnippet:saha,
 author = {Sahavechaphan, N. and Claypool, K.},
 title = "{X}{S}nippet: {M}ining {F}or {S}ample {C}ode",
 booktitle = {Proc. OOPSLA},
 year = {2006},
 pages = {413--430},
 }

@ARTICLE{baxter:shape,
 author = {Gareth Baxter and Marcus Frean and James Noble and Mark Rickerby and Hayden Smith and Matt Visser and Hayden Melton and Ewan Tempero},
 title = "{U}nderstanding the shape of {J}ava software",
 journal = {SIGPLAN Not.},
 volume = {41},
 number = {10},
 year = {2006},
 issn = {0362-1340},
 pages = {397--412},
 doi = {http://doi.acm.org/10.1145/1167515.1167507},
 publisher = {ACM},
 address = {New York, NY, USA},
}

@INPROCEEDINGS{mendoca:instantiation,
 author = {Marcilio Mendonca and Paulo Alencar and Toacy Oliveira and Donald Cowan},
 title = "{A}ssisting aspect-oriented framework instantiation: towards modeling, transformation and tool support",
 booktitle = {Companion to the 20th annual ACM SIGPLAN conference on Object-oriented programming, systems, languages, and applications (OOPSLA)},
 year = {2005},
 isbn = {1-59593-193-7},
 pages = {94--95},
 location = {San Diego, CA, USA},
 doi = {http://doi.acm.org/10.1145/1094855.1094880},
 publisher = {ACM},
 address = {New York, NY, USA},
}

@INPROCEEDINGS{john:documeting,
 author = {Johnson, R.},
 title = "{D}ocumenting frameworks using patterns",
 booktitle = {Proc. OOPSLA},
 year = {1992},
 pages = {63--76},
}

@INPROCEEDINGS{froehlich:hooks,
 author = {Froehlich, G. and Hoover, J. and Liu, L. and Sorenson, P.},
 title = "{H}ooking into object-oriented application frameworks",
 booktitle = {Proc. ICSE},
 year = {1997},
 pages = {491--501},
}

@INPROCEEDINGS{pree:designpatterns,
 author = {Pree, W. and Sikora, H.},
 title = "{D}esign patterns for object-oriented software development (tutorial)",
 booktitle = {Proc. of ICSE},
 year = {1997},
 pages = {663--664},
}


@INPROCEEDINGS{sourcerer:baj,
 author = {Bajracharya, S. and Ngo, T. and Linstead, E. and Dou, Y. and Rigor, P. and Baldi, P. and Lopes, C.},
 title = "{S}ourcerer: {A} {S}earch {E}ngine for {O}pen {S}ource {C}ode {S}upporting {S}tructure-{B}ased {S}earch",
 booktitle = {Proc. OOPSLA},
 year = {2006},
 }

@INPROCEEDINGS{document:leth,
 author = {Timothy C. Lethbridge and Janice Singer and Andrew Forward},
 title = "{How software engineers use documentation: The state of the practice}",
 booktitle = {IEEE Software},
 volume = {20},
 number = {6},
 year = {2003},
 issn = {0740-7459},
 pages = {35--39},
 doi = {http://dx.doi.org/10.1109/MS.2003.1241364},
 publisher = {IEEE Computer Society Press},
 address = {Los Alamitos, CA, USA},
 }

@INPROCEEDINGS{pree:metapatterns,
 author = {Wolfgang Pree},
 title = "{Meta Patterns - A Means For Capturing the Essentials of Reusable Object-Oriented Design}",
 booktitle = {Proceedings of the 8th European Conference on Object-Oriented Programming (ECOOP)},
 year = {1994},
 isbn = {3-540-58202-9},
 pages = {150--162},
 publisher = {Springer-Verlag},
 address = {London, UK},
}	

@INPROCEEDINGS{viljamaa:reverse,
 author = {Viljamaa Jukka},
 title = "{Reverse Engineering Framework Reuse Interfaces}",
 booktitle = {Proceedings of the 9th European software engineering conference held jointly with 11th ACM SIGSOFT international symposium on Foundations of software engineering (ESEC/FSE)},
 year = {2003},
 isbn = {1-58113-743-5},
 pages = {217--226},
 location = {Helsinki, Finland},
 doi = {http://doi.acm.org/10.1145/940071.940101},
 publisher = {ACM},
 address = {New York, NY, USA},
 }

@INPROCEEDINGS{thummalapenta08:spotweb,
    author = {Suresh Thummalapenta and Tao Xie},
    title = "{{SpotWeb}: Detecting Framework Hotspots via Mining Open Source Repositories on the Web}",
    booktitle = {Proceedings of the 2008 international workshop on Mining software repositories (MSR)},
    year = {2008},
    isbn = {978-1-60558-024-1},
    pages = {109--112},
    location = {Leipzig, Germany},
    doi = {http://doi.acm.org/10.1145/1370750.1370775},
    publisher = {ACM},
    address = {New York, NY, USA},
}

@ARTICLE{martin:open,
 author = {Robert C. Martin},
 title = "{The Open Closed Principle}",
 journal = "{j-C-PLUS-PLUS-REPORT}",
 booktitle = {In: C++ Report},
 year = {1996},
 pages = {37--43},
 VOLUME = {8},
 NUMBER = {1},
 }

@book{ganter:concept,
 author = {Bernhard Ganter and Rudolf Wille},
 note = {Translator-C. Franzke},
 title = "{Formal Concept Analysis: Mathematical Foundations}",
 year = {1997},
 isbn = {3540627715},
 publisher = {Springer-Verlag New York, Inc.},
 address = {Secaucus, NJ, USA},
 }


@misc{GCSE,
  key = {GCSE},
  title = "{Google Code Search}",
  note = {\url{http://www.google.com/codesearch}},
  keywords = {code search engine},
  year = {2006},
}

@misc{JUNIT,
  key = {JUNIT},
  title = {{JUnit}},
  note = {\url{http://www.junit.org}},
  keywords = {library},
  year = {2001},
}

@BOOK{java:eclipse,
 author = {Anjou, J.D. and Fairbrother, S. and Kehn, D. and Kellerman, J. and McCarthy, P.},
 title = "The {J}ava({TM}) {D}eveloper’s {G}uide to {ECLIPSE} (The 2nd {E}dition).",
 publisher = {Addison-Wesley Professional},
 year = {2004},
 }

@misc{JMFForum,
  key = {JMFForum},
  title = "Java {M}edia {F}ramework {D}eveloper {F}orum",
  note = {\url{http://forum.java.sun.com/thread.jspa?threadID=5152068&tstart=45}},
  keywords = {JMF},
  year = {2006},
}

@misc{BCELForum,
  key = {BCELForum},
  title = "{J}akarta {BCEL} user forum",
  note = {\url{http://mail-archives.apache.org/mod_mbox/jakarta-bcel-user/200609.mbox/thread}},
  keywords = {BCEL},
  year = {2001},
}


@misc{KODERS,
  key = {KODERS},
  title = "The {K}oders source code search engine",
  note = {\url{http://www.koders.com}},
  keywords = {code search engine},
  year = {2005},
}

@misc{KRUGLE,
  key = {KRUGLE},
  title = "The {K}rugle code search for developers",
  note = {\url{http://www.krugle.com}},
  keywords = {code search engine},
  year = {2006},
}

@misc{CODEASE,
  key = {CODEASE},
  title = "{C}odease",
  note = {\url{http://www.codase.com/}},
  keywords = {code search engine},
  year = {2005},
}

@misc{DOCJAR,
  key = {DOCJAR},
  title = "{D}oc{J}ar",
  note = {\url{http://www.docjar.com/}},
  keywords = {code search engine},
  year = {2005},
}

@misc{SPARSJ,
  key = {SPARSJ},
  title = "{SPARS-J}",
  note = {\url{http://demo.spars.info/}},
  keywords = {code search engine},
  year = {2005},
}

@misc{EclipseJDT,
  key = {EclipseJDT},
  title = "Java tool smithing extending the {E}clipse {J}ava {D}evelopment {T}ools",
  author = {Aeschlimann, M. and Baumer, D. and Lanneluc., J.},
  keywords = {Eclipse JDT},
  year = {2005},
}


@INPROCEEDINGS{prospector:jungloid,
 author = {Mandelin, D. and Xu, L. and Bodik, R. and Kimelman, D.},
 title = {Jungloid mining: helping to navigate the API jungle},
 booktitle = {Proc. ACM SIGPLAN Conference on Programming Language Design and Implementation},
 year = {2005},
 pages = {48--61},
 }

@INPROCEEDINGS{strathcona:se,
 author = {Holmes, R. and Murphy, G.C.},
 title = {Using structural context to recommend source code examples},
 booktitle = {Proc. International Conference on Software Engineering},
 year = {2005},
 pages = {117--125},
 }

@INPROCEEDINGS{mapo:xie,
 author = {Tao Xie and Jian Pei},
 title = "{MAPO: Mining API Usages from Open Source Repositories}",
 booktitle = {Proceedings of the 2006 international workshop on Mining software repositories (MSR)},
 year = {2006},
 isbn = {1-59593-397-2},
 pages = {54--57},
 location = {Shanghai, China},
 doi = {http://doi.acm.org/10.1145/1137983.1137997},
 publisher = {ACM},
 address = {New York, NY, USA}, 
}

@INPROCEEDINGS{holmes:apiusage,
 author = {Reid Holmes and Robert J. Walker},
 title = "{Informing {Eclipse API} production and consumption}",
 booktitle = {Proceedings of the 2007 OOPSLA workshop on Eclipse Technology
               eXchange (ETX)},
 year      = {2007},
 pages     = {70--74},
 ee        = {http://doi.acm.org/10.1145/1328279.1328294},
 crossref  = {DBLP:conf/eclipse/2007},
 bibsource = {DBLP, http://dblp.uni-trier.de}
}

@INPROCEEDINGS{burick:mafia,
 author = {Burdick, D. and Calimlim, M. and Gehrke, J.},
 title = "{MAFIA}: {A} {M}aximal {F}requent {I}temset {A}lgorithm for {T}ransactional {D}atabases.",
 booktitle = {Proc. International Conference on Data Engineering},
 year = {2001},
 }

@INPROCEEDINGS{thummalapenta07:parseweb,
    author = {Suresh Thummalapenta and Tao Xie},
    title = "{PARSEWeb}: {A Programmer Assistant for Reusing Open Source Code on the Web}",
    booktitle = {Proceedings of the 22nd IEEE/ACM international conference on Automated software engineering (ASE)},
    year = {2007},
    isbn = {978-1-59593-882-4},
    pages = {204--213},
    location = {Atlanta, Georgia, USA},
    doi = {http://doi.acm.org/10.1145/1321631.1321663},
    publisher = {ACM},
    address = {New York, NY, USA},
}

@TECHREPORT{thummalapenta07negweb,
    author = "Suresh Thummalapenta and Tao Xie",
    title = "{NEGWeb}: Static Defect Detection via Searching Billions of Lines of Open Source Code",
    institution = {North Carolina State University Department of Computer Science},
    year = {2007},
    type = {Technical Report},
    number = {TR-2007-24},
}

@misc{Logic,
  key = {Logic},
  title = "{L}ogic {P}roject based on {E}clipse {G}{E}{F}",
  note = {\url{http://www.eclipse.org/downloads/download.php?file=/tools/gef/downloads/drops/R-3.2.1-&200609211617/GEF-examples-3.2.1.zip}},
  keywords = {OpenSource},
  year = {2006},
}

@misc{BEAForum,
  key = {BEAForum},
  title = "Dev2{D}ev {N}ewsgroups by developers, for developers",
  note = {\url{http://forums.bea.com/bea/message.jspa?messageID=202265042&tstart=0}},
  keywords = {Forum},
  year = {2006},
}

@misc{Jung,
  key = {Jung},
  title = "JUNG \- the {J}ava {U}niversal {N}etwork/{G}raph {F}ramework",
  note = {\url{http://jung.sourceforge.net/}},
  keywords = {Jung},
  year = {2005},
}

@ARTICLE{bowman:reasoning,
    AUTHOR = "Mic Bowman and Saumya K. Debray and Larry L. Peterson",
    TITLE = "Reasoning About Naming Systems",
    JOURNAL = "ACM Trans. Program. Lang. Syst.",
    VOLUME = {15},
    NUMBER = {5},
    PAGES = {795-825},
    MONTH = "November",
    YEAR = {1993}   }

@ARTICLE{braams:babel,
    AUTHOR = "Johannes Braams",
    TITLE = "Babel, a Multilingual Style-Option System for Use with LaTeX's Standard Document Styles",
    JOURNAL = {TUGboat},
    VOLUME = {12},
    NUMBER = {2},
    PAGES = {291-301},
    MONTH = "June",
    YEAR = {1991}   }

@INPROCEEDINGS{clark:pct,
    AUTHOR = "Malcolm Clark",
    TITLE = "Post Congress Tristesse",
    BOOKTITLE = "TeX90 Conference Proceedings",
    PAGES = "84-89",
    ORGANIZATION = "TeX Users Group",
    MONTH = "March",
    YEAR = {1991}   }

@ARTICLE{herlihy:methodology,
    AUTHOR = "Maurice Herlihy",
    TITLE = "A Methodology for Implementing Highly Concurrent
    Data Objects",
    JOURNAL = {ACM Trans. Program. Lang. Syst.},
    VOLUME = {15},
    NUMBER = {5},
    PAGES = {745-770},
    MONTH = "November",
    YEAR = {1993}   }

@BOOK{Lamport:LaTeX,
    AUTHOR = "Leslie Lamport",
    TITLE = "LaTeX User's Guide and Document Reference Manual",
    PUBLISHER = "Addison-Wesley Publishing Company",
    ADDRESS = "Reading, Massachusetts",
    YEAR = "1986"   }

@BOOK{salas:calculus,
    AUTHOR = "S.L. Salas and Einar Hille",
    TITLE = "Calculus: One and Several Variable",
    PUBLISHER = "John Wiley and Sons",
    ADDRESS = "New York",
    YEAR = "1978"   }
