@Misc{halleux08:putpatterns,
	author ={Jonathan de Halleux and Nikolai Tillmann},
	title  = {Parameterized Test Patterns For Effective Testing with {Pex}},
	year 	 = {2008},
	note   = {\url{http://research.microsoft.com/en-us/projects/pex/pexpatterns.pdf}}
}

@inproceedings{tillmann08:pex,
  author    = {Nikolai Tillmann and
               Jonathan de Halleux},
  title     = {Pex - White Box Test Generation for {.NET}},
  booktitle = {Proc. TAP},
  year      = {2008},
  pages     = {134-153},
}

@inproceedings{tillmann06:discovering,
  author    = {Nikolai Tillmann and
               Feng Chen and
               Wolfram Schulte},
  title     = "{Discovering Likely Method Specifications}",
  booktitle = {Proc. ICFEM},
  year      = {2006},
  pages     = {717-736},
}

@INPROCEEDINGS{tillmann05:parameterized,
  author = {Nikolai Tillmann and Wolfram Schulte},
  title = {Parameterized Unit Tests},
  booktitle = {Proc. ESEC/FSE},
  year = {2005},
  pages = {253--262},
}

@MISC{TDD,
  title = "{Test-Driven Development in {.NET}, The {NUnit} Testing Framework}",
  year = {2006},
  note = {\url{http://www.developerfusion.com/article/5240/testdriven-development-in-net/2/}},
}

@MISC{PEXDOC,
  title = "{Pex Documentation}",
  year = {2006},
  note = {\url{http://research.microsoft.com/Pex/documentation.aspx}},
}

@MISC{jtest,
  title = "{Parasoft {Jtest}}",
  year = {2008},
  note = {\url{http://www.parasoft.com/jsp/products/home.jsp?product=Jtest}},
}

@MISC{junitfactory,
  title = "{{Agitar JUnit Factory}}",
  year = {2008},
  note = {\url{http://www.agitar.com/developers/junit_factory.html}},
}

@MISC{JUnit,
  title = "{JUnit for Test Driven Development}",
  year = {2008},
  note = {\url{http://www.junit.org/}},
}

@MISC{nunit,
	author = {Jamie Cansdale, Gary Feldman, Charlie Poole and Michael C. Two},
  title = "{{NUnit}}",
  year = {2002},
  note = {\url{http://nunit.com/index.php}},
}

@article{tillmann06:unit,
 author = {Nikolai Tillmann and Wolfram Schulte},
 title = {Unit Tests Reloaded: {P}arameterized Unit Testing with Symbolic Execution},
 journal = {IEEE Software},
 volume = {23},
 number = {4},
 year = {2006},
 pages = {38--47},
}

@inproceedings{sen07:cute,
 author = {Sen,, Koushik and Marinov,, Darko and Agha,, Gul},
 title = {{CUTE}: a concolic Unit Testing Engine for {C}},
 booktitle = {Proc. ESEC/FSE},
 year = {2005},
 pages = {263--272}
 }
	
 
@inproceedings{godefroid05:dart,
 author = {Patrice Godefroid and Nils Klarlund and Koushik Sen},
 title = {{DART}: Directed Automated Random Testing},
 booktitle = {Proc. PLDI},
 year = {2005},
 pages = {213--223}, 
 }
 
@techreport{ernst:theory,
   author = {David Saff and Marat Boshernitsan and Michael D. Ernst},
   title = {Theories in Practice: Easy-to-write Specifications that Catch Bugs},
   institution = {MIT Computer Science and Artificial Intelligence Laboratory},
   number = {MIT-CSAIL-TR-2008-002},
   year = {2008},
   note= {\url{http://www.cs.washington.edu/homes/mernst/pubs/testing-theories-tr002-abstract.html}}
}

@Misc{codepro,
	title  = "{CodePro AnalytiX}",
	year = {2009},
	note = {\url{http://www.eclipse-plugins.info/eclipse/plugin_details.jsp?id=943}}
}

@article{king:symex,
 author = {James C. King},
 title = {Symbolic Execution and Program Testing},
 journal = {Communications of the ACM},
 volume = {19},
 number = {7},
 year = {1976},
 pages = {385--394},
 }
 
 
@Book{dbc,
	author = {Meyer, Bertrand },
	publisher = {Prentice Hall PTR},
	title = "{Object-Oriented Software Construction}",
	year = {2000}
}

@book{paul:offut,
 author = {Ammann,, Paul and Offutt,, Jeff},
 title = "{Introduction to Software Testing}",
 year = {2008},
 publisher = "{Cambridge University Press}"
 }
 
 
 @Misc{pex:rel,
	title = {Pex - Automated White box Testing for {.NET}},
	year = {2009},
	note = {\url{http://research.microsoft.com/Pex/}}
}
 
@inproceedings{pacheco:feedback,
   author = {Carlos Pacheco and Shuvendu K. Lahiri and Michael D. Ernst and Thomas Ball},
   title = {Feedback-directed random test generation},
   booktitle = {Proc. ICSE},
   pages = {75--84},   
   year = {2007}
}

@article{csallner:jcrasher,
 author = {Christoph Csallner and Yannis Smaragdakis},
 title = "{{JC}rasher: an automatic robustness tester for {J}ava}",
 journal = {Softw. Pract. Exper.},
 volume = {34},
 number = {11},
 year = {2004}
 }

@INPROCEEDINGS{khurshid:symbolic,
    author = {Sarfraz Khurshid and Corina S. Pasareanu and Willem Visser},
    title = "{Generalized symbolic execution for model checking and testing}",
    booktitle = {Proc. TACAS)},
    year = {2003},
    pages = {553--568}    
}  

@INPROCEEDINGS{marri09:empirical,
    author = {Madhuri R Marri and Tao Xie and Nikolai Tillmann and Jonathan de Halleux and Wolfram Schulte},
    title = {An Empirical Study of Testing File-System-Dependent Software with Mock Objects},
    booktitle = {Proc. AST, Business and Industry Case Studies},    
    year = {2009},
    pages = {149--153}
}

@INPROCEEDINGS{xie09:mutation,
    author = {Tao Xie and Nikolai Tillmann and Peli de Halleux and Wolfram Schulte},
    title = {Mutation Analysis of Parameterized Unit Tests},
    booktitle = {Proc. Mutation},
    year = {2009},
    pages = {177--181},
}

@INPROCEEDINGS{thummalapenta09:mseqgen,
    author = {Suresh Thummalapenta and Tao Xie and Nikolai Tillmann and Peli de Halleux and Wolfram Schulte},
    title = {{MSeqGen}: Object-Oriented Unit-Test Generation via Mining Source Code},
    booktitle = {Proc. ESEC/FSE},
    year = {2009},
    pages = {193--202}
}

@MISC{dsa,
  author = {Granville and Luca Del Tongo},
  title = {Data Structures and Algorithms},
  year = {2006},
  note = {\url{http://dsa.codeplex.com/}},
}

@Misc{quickgraph,
	author = {Jonathan de Halleux},
	title = {QuickGraph, Graph Data Structures And Algorithms for {.NET}},
	year = {2006},
	note = {\url{http://quickgraph.codeplex.com/}}
}

@article{mockobjects,
 author = {Mackinnon, Tim and Freeman, Steve and Craig, Philip},
 title = {Endo-testing: unit testing with mock objects},
 book = {Extreme Programming Examined},
 year = {2001},
 pages = {287--301}
 }