@inproceedings{klee,
  author    = {Cristian Cadar and
               Daniel Dunbar and
               Dawson R. Engler},
  title     = {KLEE: Unassisted and Automatic Generation of High-Coverage
               Tests for Complex Systems Programs},
  booktitle = {OSDI},
  year      = {2008},
  pages     = {209-224},
  ee        = {http://www.usenix.org/events/osdi08/tech/full_papers/cadar/cadar.pdf},
  crossref  = {DBLP:conf/osdi/2008},
  bibsource = {DBLP, http://dblp.uni-trier.de}
}

@inproceedings{CadarGPDE06,
  author    = {Cristian Cadar and
               Vijay Ganesh and
               Peter M. Pawlowski and
               David L. Dill and
               Dawson R. Engler},
  title     = {EXE: automatically generating inputs of death},
  booktitle = {ACM Conference on Computer and Communications Security},
  year      = {2006},
  pages     = {322-335},
  ee        = {http://doi.acm.org/10.1145/1180405.1180445},
  crossref  = {DBLP:conf/ccs/2006usa},
  bibsource = {DBLP, http://dblp.uni-trier.de}
}

@inproceedings{TillmannH08,
  author    = {Nikolai Tillmann and
               Jonathan de Halleux},
  title     = {Pex-White Box Test Generation for .NET},
  booktitle = {TAP},
  year      = {2008},
  pages     = {134-153},
  ee        = {http://dx.doi.org/10.1007/978-3-540-79124-9_10},
  crossref  = {DBLP:conf/tap/2008},
  bibsource = {DBLP, http://dblp.uni-trier.de}
}

@inproceedings{GodefroidKS05,
  author    = {Patrice Godefroid and
               Nils Klarlund and
               Koushik Sen},
  title     = {DART: directed automated random testing},
  booktitle = {PLDI},
  year      = {2005},
  pages     = {213-223},
  ee        = {http://doi.acm.org/10.1145/1065010.1065036},
  crossref  = {DBLP:conf/pldi/2005},
  bibsource = {DBLP, http://dblp.uni-trier.de}
}

@inproceedings{SenMA05,
  author    = {Koushik Sen and
               Darko Marinov and
               Gul Agha},
  title     = {CUTE: a concolic unit testing engine for C},
  booktitle = {ESEC/SIGSOFT FSE},
  year      = {2005},
  pages     = {263-272},
  ee        = {http://doi.acm.org/10.1145/1081706.1081750},
  crossref  = {DBLP:conf/sigsoft/2005},
  bibsource = {DBLP, http://dblp.uni-trier.de}
}

@inproceedings{stp,
  author    = {Vijay Ganesh and
               David L. Dill},
  title     = {A Decision Procedure for Bit-Vectors and Arrays},
  booktitle = {CAV},
  year      = {2007},
  pages     = {519-531},
  ee        = {http://dx.doi.org/10.1007/978-3-540-73368-3_52},
  crossref  = {DBLP:conf/cav/2007},
  bibsource = {DBLP, http://dblp.uni-trier.de}
}