% This file was created with JabRef 2.4.2.
% Encoding: Cp1252

@INPROCEEDINGS{song07:unitplus,
  author = {Yoonki Song and Suresh Thummalapenta and Tao Xie},
  title = {{UnitPlus}: Assisting Developer Testing in {Eclipse}},
  booktitle = {Proc. Eclipse Technology eXchange Workshop at OOPSLA 2007},
  year = {2007},
  pages = {26--30},
  doi = {http://doi.acm.org/10.1145/1328279.1328285}
}

